2904 4840
775 370 819 440 82

250 527 352 592 cause·
367 505 497 590 publica
525 509 557 569 in
584 505 800 588 questionibus
820 501 977 586 perpetuis
1003 511 1232 563 exercerentur.
1265 499 1349 560 Prae·

252 623 337 673 11111
351 608 480 690 simplex
488 617 520 670 et
528 625 654 689 prorsus
664 608 824 688 antiquum
834 617 881 666 est
890 603 1057 664 verborum
1067 599 1354 682 componendorum

253 721 360 787 genus.
382 707 424 767 Μ.
436 701 562 766 Catonis
581 717 613 764 et
626 701 716 766 Coelii
739 721 850 765 nomen
872 720 942 761 cum
963 699 1058 760 etiam
1079 696 1155 759 alibi
1176 693 1350 777 permutari

252 805 420 874 videamus,
430 801 559 862 fortasse
573 799 625 862 hic
642 819 761 882 quoque
782 797 893 861 scribae
910 797 1107 858 aberrarunt.
1130 791 1281 870 scaligeri
1300 811 1352 852 au·

253 919 315 967 tem
336 900 509 966 emendatio
531 897 674 988 (11.111)
696 901 845 982 quomodo
864 897 1068 977 intelligatur,
1092 913 1153 954 non
1176 889 1251 954 satis
1271 889 1346 954 scio.

252 998 500 1075 Accusationum,
516 1021 591 1081 quas
605 1011 681 1076 tres,
697 1019 803 1062 omnes
818 994 1021 1082 erepublica,
1036 991 1127 1056 fuisse
1138 989 1215 1054 dicit
1225 990 1351 1063 Cicero,

253 1109 318 1167 duae
331 1104 406 1166 satis
421 1115 501 1165 notoe
514 1116 607 1164 sunt:
625 1101 723 1164 altera
736 1101 773 1165 C.
787 1097 928 1175 Antonii,
946 1101 983 1161 de
996 1095 1186 1180 repetundis,
1200 1115 1238 1155 ex
1252 1095 1354 1155 Mace·

254 1203 364 1276 donia,
386 1221 478 1283 quam
499 1199 636 1262 triennio
654 1199 926 1260 administraverat
942 1193 1009 1278 (or.
1029 1213 1087 1277 pro
1104 1191 1181 1256 Coel.
1201 1212 1230 1252 c.
1244 1191 1274 1262 1,
1298 1192 1353 1264 311

252 1305 340 1386 Pigh.
365 1307 447 1364 Ann.
470 1302 534 1375 111,
555 1320 586 1380 p.
610 1297 683 1371 334,
703 1299 756 1371 40,
779 1295 843 1378 41).
873 1298 992 1377 lnjuria
1007 1297 1181 1380 disceptant
1195 1295 1294 1374 intpp.
1312 1293 1350 1352 ad

252 1402 386 1484 Philipp.
408 1401 451 1472 ll,
473 1397 525 1469 23,
546 1397 704 1479 ejectusne
718 1397 751 1457 in
765 1391 924 1468 exsilium,
946 1414 986 1456 an
1007 1393 1139 1474 pecunia
1153 1396 1299 1456 multatus
1312 1388 1351 1453 sit

254 1493 417 1560 Antonius.
441 1493 501 1556 Sed
515 1511 585 1554 cum
599 1493 658 1554 bac
671 1503 762 1554 oetate
776 1491 894 1552 nullum
913 1489 978 1551 sola
998 1490 1094 1551 multa
1108 1488 1214 1550 delicti
1229 1491 1351 1570 culpam

253 1589 347 1654 luisse
366 1589 551 1672 accepimus,
574 1603 639 1651 tum
660 1586 787 1651 miseria
807 1585 862 1648 illa
883 1582 1014 1649 Antonii
1028 1583 1061 1647 11
1071 1583 1240 1651 Vatiniana
1255 1605 1283 1646 c.
1300 1587 1354 1659 11,

255 1687 333 1753 etin
349 1685 490 1752 Coeliana
505 1699 537 1750 et
550 1685 585 1749 in
599 1684 666 1770 ipsa
680 1683 856 1770 Philippica
870 1687 912 1758 ll,
931 1685 982 1758 38,
999 1682 1121 1758 delleta,
1137 1683 1266 1745 alteram
1283 1704 1353 1744 sen-

254 1787 385 1853 tentiam
395 1802 430 1850 ut
439 1787 626 1871 rejiciamus,
637 1784 746 1850 efficit.
764 1788 842 1848 Nam
855 1785 952 1848 solum
962 1781 1104 1846 exsilium
1113 1781 1159 1846 sie
1168 1781 1354 1867 appellatur.

254 1891 327 1951 11111
342 1909 434 1950 causa
447 1899 518 1948 acta
531 1887 654 1950 Caesare
675 1897 707 1947 et
727 1882 838 1947 Bibulo
854 1883 941 1948 Coss.
954 1905 986 1946 a.
1006 1884 1079 1964 694,
1097 1884 1175 1963 apud
1188 1895 1354 1963 praetorem

255 1993 313 2051 Cn.
327 1989 490 2050 Lentulum
504 1985 697 2059 Clodianum,
721 1985 773 2067 qni
795 1983 937 2048 usitatius
958 1980 1175 2059 Marcellinus;
1197 2002 1257 2062 quo
1272 2003 1352 2044 anno

256 2083 399 2147 tribunus
416 2081 515 2166 plebis
525 2085 682 2157 Vatinius,
701 2083 830 2144 Antonii
849 2081 1004 2153 inimicus,
1024 2080 1159 2143 clausula
1179 2077 1356 2162 adjicienda

257 2181 408 2244 beneficio
427 2182 504 2257 legis
523 2202 611 2244 reum
631 2180 773 2242 exclusit.
799 2180 888 2262 Quod
912 2179 1026 2240 acerbe
1048 2177 1216 2259 exprobrat
1231 2179 1360 2242 Vatinio·

258 2283 382 2354 Cicero,
399 2282 449 2361 qui
472 2281 505 2340 in
524 2280 662 2343 Antonio
682 2279 872 2342 defendendo
888 2277 1001 2340 lrustra
1016 2277 1223 2341 laboraverat.
1247 2279 1358 2341 Genus

258 2397 355 2440 causa
369 2377 510 2453 mixtum,
526 2379 564 2438 de
575 2376 757 2438 Macedonia
770 2375 934 2458 provincia
948 2377 1027 2437 male
1040 2370 1159 2447 habita,
1172 2385 1203 2435 et
1216 2375 1358 2455 perduel-
1450 2401 1451 2416 .

198 2496 202 2504 ¹
256 2477 340 2542 lione
350 2474 552 2557 Catilinaria3
570 2479 652 2542 unde
665 2477 794 2551 lactum,
808 2489 842 2538 ut
857 2479 1099 2561 repetundarum
1110 2461 1275 2547 absolutus,
1288 2496 1355 2537 ma·

254 2577 375 2661 jestatis
396 2579 610 2640 damnaretur.
641 2575 875 2660 subscriptores
898 2565 1012 2638 Coelius
1037 2572 1146 2638 habuit
1167 2575 1207 2658 Q.
1228 2573 1356 2636 Fabium

256 2675 421 2738 Maximum
447 2686 479 2736 et
499 2675 537 2736 C.
557 2671 723 2738 Caninium
743 2674 887 2751 Gallum;
915 2685 949 2733 ut
972 2676 1062 2755 paulo
1086 2671 1188 2733 minus
1211 2683 1358 2734 accurate

256 2772 399 2834 Valerius
410 2772 492 2832 Max.
501 2773 557 2847 lv,
567 2772 598 2844 2,
610 2773 640 2844 6,
655 2792 673 2831 1
685 2770 816 2833 Caninio
829 2773 1007 2832 damnatum
1019 2769 1189 2832 Antonium
1201 2767 1351 2830 dixerit...

256 2871 363 2932 Altera
378 2870 532 2933 accusatio
554 2885 600 2931 est
617 2869 655 2930 C.
674 2871 850 2950 Sempronii
872 2871 1010 2931 Atratini
1030 2869 1068 2929 de
1091 2866 1224 2940 ambitu,
1248 2871 1352 2932 eodem

255 2968 353 3029 ferme
367 2980 506 3048 tempore
519 2978 599 3039 acta,
612 2966 663 3026 vel
674 2983 756 3025 anno
770 2977 843 3025 ante
859 2985 949 3045 quam
963 2965 1003 3025 ab
1017 2963 1099 3026 illius
1113 2963 1177 3025 lilio
1188 2967 1360 3046 postulare

256 3081 319 3128 tur.
344 3066 396 3130 Sic
416 3067 525 3128 saltem
545 3084 563 3124 a
584 3065 693 3144 Pigbio
714 3065 865 3126 creditum
887 3078 945 3126 est.
972 3066 1033 3129 Sed
1052 3085 1125 3127 cum
1144 3065 1200 3127 filii
1220 3068 1360 3128 Atratini

259 3177 383 3227 aetatem
398 3165 572 3238 considero,
590 3165 688 3244 magis
703 3163 859 3245 magisque
871 3164 904 3226 in
919 3164 951 3224 id
965 3164 1083 3230 inclino
1098 3179 1133 3227 ut
1146 3185 1270 3228 cursum
1282 3166 1357 3226 vitm

255 3265 385 3349 publicae
400 3280 432 3328 et
445 3263 547 3329 civilis
558 3265 597 3326 ab
608 3265 667 3328 hae
679 3265 801 3327 actione
814 3284 917 3327 orsum
929 3265 1060 3330 Coelium
1071 3267 1206 3339 credam,
1218 3267 1352 3329 nondum

257 3358 462 3447 quaestorium.
478 3361 627 3426 Ceterum.
634 3361 724 3444 hujus
739 3361 944 3427 accusationis
959 3349 1037 3425 1111111
1048 3376 1160 3446 praeter
1173 3363 1354 3426 memoriam

203 3500 216 3512 ι
257 3474 366 3524 exstat.
390 3461 438 3522 De
454 3459 548 3522 tertia
564 3461 760 3540 accusatione
776 3482 839 3523 non
854 3463 930 3523 satis
944 3461 1050 3540 liquet.
1075 3462 1213 3544 Recepta
1232 3462 1359 3542 quidem.
1426 3497 1428 3504 ι

257 3571 304 3618 est
318 3560 354 3619 P.
370 3556 501 3620 Manutii
514 3557 677 3632 sententia,
691 3558 732 3619 D.
746 3556 905 3638 cujusdam
919 3557 1004 3619 Loelii
1018 3557 1119 3633 luisse,
1138 3558 1224 3638 cujus
1241 3577 1353 3620 nomen

257 3653 291 3714 in
310 3655 425 3718 incerti
443 3653 505 3716 loci
525 3653 697 3734 fragmento
714 3653 854 3718 Caeliano
874 3673 1040 3718 occurrere
1054 3655 1116 3718 viri
1131 3655 1213 3720 docti
1228 3669 1374 3718 notavev.

257 3767 331 3815 runt
344 3757 384 3816 ad
398 3753 584 3837 Quintilian.
596 3757 651 3829 Vl,
670 3753 700 3829 3,
717 3755 755 3815 39
771 3767 803 3816 11
818 3755 872 3829 41,
889 3750 943 3816 ubi
958 3751 1135 3817 festivitatis
1149 3756 1287 3836 exemplo
1302 3774 1352 3836 po·
1426 3806 1430 3818 .

256 3847 348 3912 situm
366 3863 424 3913 est.
450 3846 593 3933 Sequitru
610 3851 694 3912 banc
713 3848 898 3912 sententiam
916 3851 1063 3913 Ernestus
1080 3852 1114 3913 in
1131 3852 1227 3915 clave
1240 3847 1308 3912 Cic.
1323 3862 1354 3913 et

256 3945 426 4011 Wcttclius
446 3950 485 4012 ad
504 3949 592 4009 Brut.
615 3947 837 4018 1.19,1111111
856 3966 919 4010 uno
938 3944 1133 4030 Quintiliano
1152 3943 1225 4008 nisi.
1249 3947 1359 4030 Neque

162 4123 164 4126 .
256 4065 330 4109 sane
344 4065 531 4129 magnopere
547 4065 615 4109 cum
632 4041 813 4126 Spaldingio
828 4044 1058 4118 contenderim,
1080 4059 1183 4108 utrum
1198 4047 1242 4110 D.
1260 4069 1300 4111 an
1319 4048 1354 4107 C.

256 4147 340 4211 laelii
353 4144 394 4212 sit
409 4159 606 4231 praenomen..
617 4147 693 4209 dum·
704 4155 872 4222 1111111111,
888 4146 984 4212 talem
998 4142 1153 4210 bominem
1169 4169 1187 4212 u
1202 4167 1359 4232 quoquam
