2934 4846
769 375 815 446 20

147 495 150 502 ¹
244 509 381 572 tiones...
399 517 442 587 (n.
469 513 565 587 isia,
579 512 633 587 26,
648 513 699 587 35,
717 512 912 598 81111333
932 524 963 574 31
974 512 1055 596 juris
1067 512 1183 594 publici
1204 526 1344 575 tenacem

242 613 411 677 ostendunt
421 616 489 677 31133
499 615 696 678 33311ο333...
714 613 885 698 (134345,
900 616 951 688 tt,
966 615 1019 691 27,
1034 615 1226 694 81,313.)110
1237 613 1348 676 oratio-

243 699 314 773 nem
331 713 369 770 dc
381 711 517 786 ambitu,
538 714 589 775 vel
607 715 646 775 ad
667 713 814 785 1111333111,
837 714 889 773 Nc
909 719 976 799 quis
996 720 1106 774 iterum
1123 715 1196 775 Cor.
1204 713 1283 794 fiat,
1309 729 1345 773 ea

243 811 406 875 referenda
420 825 508 887 sunt,
530 823 597 895 quae
610 813 705 876 habet
718 813 786 876 Cic.
800 816 847 876 De
861 815 983 897 republ.
1000 817 1040 888 11,
1058 816 1111 891 21,
1133 827 1167 876 31
1184 835 1269 875 nnnc
1286 814 1345 874 hoc

241 929 319 992 opus
332 909 481 988 digestum
493 923 550 973 est.
577 904 667 1000 [Quoe
679 924 782 972 tamen
797 931 837 974 ex
852 912 1031 993 Originibus
1047 915 1147 996 potius
1159 914 1255 974 ducta'
1266 929 1343 983 esse,

242 1010 322 1071 bene
337 1010 461 1072 videtur
474 1011 839 1076 demonstrasseBolhuis.
854 1013 887 1073 in
899 1013 981 1076 libro
991 1033 1084 1096 supra
1097 1016 1167 1086 cit.,
1181 1034 1211 1096 p.
1232 1008 1298 1097 10]

289 1109 340 1169 15.
363 1108 412 1170 De
427 1127 543 1187 genere
557 1109 623 1192 ejus
639 1121 672 1171 et
682 1124 751 1171 arte
767 1108 892 1171 dicendi
906 1129 968 1172 non
984 1123 1129 1175 constans
1143 1123 1191 1171 est
1204 1122 1344 1171 veterum

239 1205 401 1290 judicium.
419 1207 544 1283 Cicero,
566 1208 620 1287 qui
640 1210 674 1269 in
695 1210 790 1269 Bmto
810 1230 840 1269 c.
861 1210 909 1283 11,
928 1209 1102 1290 magnificis
1119 1229 1189 1271 eum
1204 1207 1345 1268 laudibus

243 1306 369 1376 tulerat,
387 1325 415 1366 c.
434 1303 623 1367 illiricum
640 1317 750 1366 contra
762 1304 968 1387 disputantem
982 1308 1113 1382 induxit,
1126 1319 1172 1380 nt,
1191 1306 1265 1388 qnid
1277 1323 1346 1366 sen·

242 1404 330 1474 serit,
345 1422 408 1464 non
421 1403 461 1462 sit
472 1414 624 1484 apertum.
642 1403 796 1464 Praeterea
806 1403 865 1463 huc
878 1403 998 1464 iaciunt
1011 1404 1072 1466 loci
1085 1406 1133 1464 De
1147 1416 1229 1464 orat.
1245 1404 1270 1476 Ι,
1286 1401 1343 1474 373

242 1502 303 1571 111,
318 1501 358 1562 33
370 1522 379 1575 ;
390 1499 460 1562 Cat.
478 1498 552 1582 maj.
569 1519 599 1560 c.
619 1500 670 1573 11,
688 1499 757 1560 Liv.
772 1500 918 1574 XXXIX,
930 1499 983 1571 40,
1000 1500 1188 1583 Quintilian.
1202 1500 1274 1567 XII,
1293 1497 1343 1573 11,

246 1602 285 1664 13
306 1613 340 1663 31
361 1598 412 1671 10,
437 1599 488 1660 10.
505 1597 545 1658 Hi
569 1596 767 1660 consentiunt
785 1596 819 1658 in
840 1617 899 1672 eo,
916 1610 951 1658 ut
970 1617 1132 1677 magnum,
1156 1595 1347 1678 temporibus

241 1705 325 1778 11113,
352 1703 406 1765 330
424 1701 567 1781 robigine
582 1699 744 1762 vetustatis
757 1699 888 1762 obsitum
903 1700 1020 1764 dicant.
1035 1701 1201 1762 Addendus
1219 1695 1346 1780 Quinti-

242 1806 343 1868 lianus
357 1805 397 1880 11,
416 1805 453 1878 5,
470 1803 522 1879 21,
546 1801 612 1884 ejus
633 1817 666 1863 ut
684 1813 824 1864 veternam
848 1801 1019 1864 imitatores
1043 1803 1197 1876 omnium,
1226 1803 1252 1863 si
1269 1803 1347 1864 nihil

244 1905 328 1968 alind
338 1901 485 1975 habeant,
504 1902 584 1980 quod
598 1899 792 1974 aemulentur,
808 1897 929 1982 jejunos
946 1914 978 1962 et
991 1901 1134 1963 horridos
1146 1902 1213 1962 iore
1227 1901 1343 1962 dicens.

244 2003 406 2069 Sallustius
432 2003 619 2064 brevitatem
642 2003 753 2062 Catoni
780 2002 901 2076 tribuit,
929 2005 981 2064 sed
1001 2002 1096 2064 etiam
1113 2001 1345 2064 disertissimum

231 2108 455 2168 homanorum
472 2122 586 2164 vocare
603 2121 667 2163 nou
681 2103 852 2173 dubitavit,
872 2104 1060 2164 assentiente
1078 2106 1203 2165 Acrone
1218 2104 1256 2164 ad
1268 2103 1343 2165 flor.

143 2203 147 2220 ⁴
245 2204 347 2267 Serm.
366 2205 398 2278 1,
417 2202 468 2263 10.
482 2202 561 2263 Vide
576 2201 660 2261 viros
680 2201 786 2261 doctos
807 2201 846 2262 ad
861 2200 1034 2279 fragmenta
1063 2202 1188 2265 Sallust.
1204 2223 1237 2284 p.
1255 2201 1275 2263 2
1294 2201 1342 2262 30.

245 2302 478 2385 Haverkampi,
503 2317 535 2364 et
554 2301 684 2363 Marium
711 2299 865 2364 Victorin.
887 2302 999 2384 Expos.
1023 2303 1058 2364 in
1081 2303 1148 2366 Cic.
1178 2303 1284 2366 Rhett.
1310 2304 1342 2375 l,

245 2423 277 2486 p.
311 2401 371 2485 149
400 2403 450 2464 30.
481 2401 616 2482 Capper.
643 2400 675 2463 Si
700 2400 820 2479 singula
849 2414 964 2484 τεχνικὰ,
988 2421 1054 2482 quae
1076 2421 1174 2484 pauca
1205 2413 1345 2473 exstant,

244 2519 412 2565 recensere
425 2500 546 2581 placet,
563 2499 715 2560 assiduam
726 2500 758 2560 i'n
771 2498 891 2563 Catone
903 2501 1114 2582 partitionem,
1131 2519 1198 2579 quae
1212 2501 1245 2561 in
1259 2498 1346 2562 Cice·

244 2621 324 2664 rone
338 2620 412 2662 rara
428 2599 469 2660 sit
482 2609 618 2670 attenta,
636 2609 761 2659 exstare
780 2598 932 2680 Sulpicius
957 2598 1067 2662 Victor
1084 2598 1234 2659 Instituit.
1252 2597 1345 2659 rhett.

246 2721 278 2782 p.
297 2700 423 2763 311633.
440 2697 577 2781 Capper.
594 2696 827 2759 animadvertit.
854 2699 939 2760 idem
961 2699 1127 2760 Hortensio
1141 2697 1217 2760 vitio
1231 2699 1345 2758 datum.

247 2798 369 2858 Deinde
381 2798 497 2857 hscon
513 2795 552 2854 ad
563 2793 631 2855 Cic.
648 2795 756 2854 Dirin.
772 2795 806 2856 in
820 2795 925 2859 Caecii.
942 2815 972 2857 c.
993 2795 1042 2868 13,
1058 2813 1176 2856 rnorem
1191 2792 1348 2873 antiquum

203 2950 209 2960 .
246 2893 375 2956 Catonis
389 2906 421 2954 et
430 2893 581 2960 Gracchi,
598 2892 689 2956 adiis
708 2891 918 2972 praelationem
933 2891 1076 2962 ducendi,
1094 2903 1128 2951 ut
1141 2889 1240 2950 minus
1261 2893 1349 2953 cultae

247 2989 347 3050 aetatis
357 2989 489 3054 notarit.
506 2986 624 3048 Alludit
638 2987 840 3070 Symmachus
854 2988 953 3069 Epist.
972 2989 1031 3047 111.
1050 2985 1102 3062 44,
1116 2987 1169 3049 313
1183 2988 1346 3051 scribens:

246 3089 357 3148 lovem
369 3087 499 3168 deosque
513 3097 627 3142 ceteros
643 3082 771 3144 Catonis
790 3081 858 3162 lege
875 3085 1082 3164 praefabimur
1099 3089 1145 3162 (si
1168 3085 1257 3145 nobis
1278 3090 1349 3145 seri·

249 3185 346 3244 tenda
360 3187 397 3243 sit
409 3179 684 3262 oratiofhreosis),
697 3200 735 3238 ue
745 3180 833 3239 nobis
845 3187 921 3263 citio
935 3183 1024 3241 detur
1034 3168 1089 3241 vel
1093 3182 1285 3262 3350333113-
1295 3204 1348 3242 an-

246 3284 390 3368 cpuitctis
417 3277 471 3342 cel
491 3281 663 3336 inscientia.
683 3277 772 3341 Cani.
801 3277 892 3343 Serv.
915 3282 954 3342 ad
977 3281 1065 3359 Virg.
1094 3283 1164 3341 AEn.
1187 3280 1243 3357 Xi,
1274 3281 1345 3341 301.

247 3381 360 3448 Omnia
381 3388 599 3460 comparantes
618 3377 663 3438 sic
678 3379 716 3439 de
730 3379 858 3442 Catonis
879 3379 1017 3442 laudibus
1038 3381 1185 3442 oratoriis
1196 3380 1349 3462 judicabi-

248 3501 337 3541 musz
360 3475 490 3556 ingenio
509 3474 674 3549 maximus,
696 3476 797 3539 studio
815 3476 982 3551 indefesso,
1004 3478 1109 3538 multis
1128 3476 1230 3538 literis
1261 3489 1350 3538 aetate

247 3601 303 3641 sna
313 3575 456 3660 superior
469 3570 538 3634 init.
556 3573 726 3654 Eloquendi
741 3576 895 3650 claritate,
911 3576 1142 3659 probabilitate,
1154 3575 1350 3638 vehementia

248 3680 366 3742 nemini
390 3676 551 3749 secundae,
573 3674 755 3738 facetiarum
782 3679 901 3760 plenus,
929 3678 1091 3740 sententiis
1118 3677 1347 3752 relertiesimus,

134 3829 140 3837 .
247 3781 376 3842 horrida
391 3777 528 3860 quaedam
552 3776 650 3840 verba
673 3778 789 3851 habet,
806 3791 840 3840 et
865 3777 1059 3859 antiquitatis
1079 3779 1241 3858 quemdam
1267 3779 1348 3840 colo·

246 3899 328 3956 rem,
341 3873 533 3959 temporibus
546 3875 608 3937 illis
623 3888 845 3954 congruentem
861 3897 869 3935 2
883 3877 960 3936 artis
974 3875 1128 3936 delectum
1145 3886 1209 3934 tum
1225 3875 1350 3952 ingenio
1395 3880 1399 3890 '

248 3993 312 4043 tam
329 3979 479 4063 praeclaro
493 3979 629 4040 libenter
647 3977 872 4050 condonamus,
901 3989 963 4036 tum
980 3995 1043 4036 non
1063 3987 1205 4056 putamus
1223 3965 1349 4038 allicere

247 4076 362 4145 ceteris
381 4079 447 4162 ejus
460 4079 612 4141 laudibus.
632 4079 712 4140 Nam
726 4078 818 4156 pedes
839 4097 910 4138 cnm
928 4096 1004 4138 sono
1020 4076 1180 4156 compositi
1193 4089 1225 4138 et
1237 4076 1348 4140 verbo·

248 4201 317 4255 tum
339 4176 630 4263 comprehensiones
649 4193 812 4242 numerose
833 4175 978 4247 cadentes
992 4193 1082 4237 aures
1102 4188 1224 4238 nostras
1247 4175 1348 4238 minus
