2904 4838
583 355 649 430 stt

135 491 300 546 decubantes
314 488 478 564 lescbarges.
493 487 542 542 Vel
560 490 649 562 potius
667 488 694 540 t'n
710 486 797 540 oraine
815 484 974 550 meruissent,
991 507 1039 560 pro
1052 491 1127 544 miles
1138 493 1167 544 in

143 576 246 650 legione
264 587 367 628 tantum
384 574 503 628 fuissem.
526 571 556 625 ld
575 573 646 625 enim
666 574 752 626 estin
771 570 859 626 ordine
877 589 980 624 merere.
995 569 1030 624 V.
1046 571 1165 626 Frontis.

142 663 255 736 Strateg.
267 662 314 723 lv,
328 664 351 713 l.
362 659 498 744 {Daciam}

116 816 224 878 Festus
233 813 416 876 :Primanus
424 811 558 873 tributus
570 813 652 896 apud
659 811 810 876 Catonem
821 811 855 874 ia
864 831 912 887 ca,
925 829 993 893 qun
1004 821 1052 875 est
1061 821 1173 875 contra

75 907 242 988 Thermum
254 913 293 973 dc
304 907 367 974 suis
377 909 555 972 virtutibus.

110 1077 272 1130 *Pranarsus
284 1081 332 1144 tn]
344 1075 444 1130 Paulus
455 1075 485 1126 in
495 1075 616 1144 Epitotne
626 1092 633 1122 ι
643 1093 656 1120 ι
665 1071 716 1123 Pr.
732 1077 768 1122 tr.
783 1084 840 1123 erat
852 1071 899 1141 qui
911 1063 1112 1142 prirnae'legioni
1126 1072 1175 1123 tsi-

146 1159 242 1212 butum
253 1155 394 1212 scrihebat.
406 1177 420 1204 s
430 1155 486 1224 Qui
496 1151 610 1206 tribunos
623 1149 727 1206 araus
738 1151 844 1206 videtur
854 1151 885 1204 in
898 1161 986 1204 mente
995 1152 1130 1216 habuisse,
1145 1167 1177 1206 ut

142 1262 191 1317 ep.
199 1247 344 1298 Varronem
358 1243 396 1296 Dc
411 1241 443 1294 L.
456 1241 610 1312 L.mepe
623 1238 671 1292 fin.
690 1241 757 1292 Nam
769 1240 827 1312 ipsc
838 1238 1009 1294 concinnavit
1022 1237 1176 1310 explicatio·

149 1347 212 1380 nem
220 1345 300 1400 quem
310 1323 381 1397 apud
391 1325 498 1378 Festum
504 1335 562 1374 nen
570 1322 710 1376 inveniunt.
723 1319 883 1392 Simpliciter
896 1333 938 1374 est
951 1321 1075 1374 Maus
1087 1320 1178 1391 puisun

149 1412 273 1486 legionis.

120 1556 248 1616 Festum
264 1554 457 1632 Repertinmu'
477 1569 552 1630 ager
572 1551 599 1611 is
621 1551 777 1613 dicitur...
794 1550 889 1634 'cujus
910 1562 1023 1614 natura
1042 1558 1181 1614 mutatur

79 1649 236 1724 fodiendo,
248 1669 318 1714 cum
333 1644 388 1713 aut
400 1651 544 1713 silvester
558 1649 769 1722 excodicatur‚
787 1661 840 1710 aut
854 1647 934 1730 lapis
949 1650 1087 1711 mollitur
1097 1650 1183 1711 iran-

81 1748 195 1828 gendo,
210 1757 247 1807 ut
266 1745 322 1807 fiat
343 1747 548 1828 pascuosam
563 1743 729 1827 pecoribus
743 1745 854 1819 herba,
868 1741 920 1806 uel
937 1745 1112 1809 hominibus
1132 1766 1179 1808 sa·

84 1848 181 1910 tione
198 1846 273 1908 Cato
286 1846 321 1908 in
335 1865 384 1924 ca,
400 1867 491 1927 quam
506 1843 633 1926 scripsit
646 1844 683 1907 de
699 1847 761 1907 suis
775 1845 942 1908 virtutibus
964 1857 1075 1906 contra
1085 1843 1180 1907 Ther·

85 1963 189 2006 mumt
205 1941 273 2023 Ego
279 1939 354 2029 jam
367 1965 387 2002 a
398 1947 552 2024 principio
571 1946 603 2001 in
617 1947 804 2023 parsimonia
820 1958 908 2028 atquc
922 1949 955 2004 t'n
968 1944 1080 2005 &sitia
1095 1957 1183 2026 atque

87 2046 235 2105 industria
253 2064 376 2105 omnem
396 2045 601 2106 adolescentia
613 2065 752 2104 mmeam
770 2045 917 2120 abstinui,
941 2064 1019 2125 agro
1038 2045 1181 2117 colenda,

87 2148 172 2205 sanis
183 2143 318 2218 Sabinis,
329 2143 466 2206 silicibus
476 2145 701 2224 repmtbmdis
714 2157 803 2230 atquc
816 2143 1035 2207 conserendis..
1110 2146 1124 2189 ·'

117 2306 243 2376 abstinui]
252 2308 307 2361 vixi
317 2321 434 2362 remotus
444 2309 477 2362 ab
488 2309 575 2361 omnis
588 2309 692 2382 generis
704 2308 816 2364 deliciis.
835 2311 899 2363 Ant.
913 2309 1081 2382 Augustinus
1092 2327 1183 2362 emen·

158 2389 356 2445 davitobsttnut'.
368 2391 467 2463 Poprna
478 2391 627 2444 adnotavit:
640 2391 868 2444 «Adolescentt'am
879 2387 995 2444 abstinui
1003 2391 1031 2444 id
1045 2403 1086 2445 est
1100 2412 1185 2446 remo-

157 2491 211 2532 tam
226 2479 318 2542 habui,
336 2477 435 2532 abduxi
451 2476 582 2530 sciliceta
600 2475 665 2529 luxu
683 2489 711 2532 et
725 2476 838 2540 deliciis,
852 2478 922 2530 sicut
934 2477 1036 2548 cuipiam
1047 2478 1185 2531 abstineam

159 2560 246 2614 Pleut.
263 2559 417 2614 Menochia.
434 2577 484 2631 pro
497 2570 615 2612 amotus
631 2558 684 2610 sira
693 2577 709 2610 a
721 2557 816 2630 culpas
831 2559 951 2631 quamvis
962 2561 1017 2622 sint
1032 2561 1080 2630 qui
1094 2560 1188 2614 malim

158 2643 275 2699 abstinui
278 2645 321 2698 vel
328 2642 463 2706 obstinaci,
471 2662 538 2716 quos
547 2656 673 2716 sequetur
682 2644 730 2714 qui
736 2643 818 2698 volet.
831 2665 845 2708 a

120 2726 198 2782 saais
206 2721 318 2796 Subtat's]
327 2729 365 2782 sic
374 2725 508 2780 Plutvir.
517 2727 576 2780 Cat.
586 2747 611 2779 c.
622 2728 632 2777 1
639 2749 647 2790 ;
656 2727 726 2798 Nep.
738 2746 761 2779 c.
773 2727 797 2776 1.

132 2878 226 2942 Aliud
245 2875 376 2941 Catonis
396 2878 614 2958 fragmentum,
637 2874 731 2938 simili
751 2890 946 2956 argumento,
969 2875 1004 2939 in
1024 2880 1062 2939 A.
1083 2876 1187 2943 Gellio
1301 2939 1304 2944 .

90 2979 266 3044 invenimus
278 2977 370 3052 Xlll,
384 2979 443 3042 23:
459 2980 502 3040 M.
514 2979 604 3055 Cato,
621 2979 791 3042 consularis
810 2990 844 3042 ct
865 2979 1034 3055 censorius,
1055 2981 1189 3064 publicis

90 3081 155 3164 jam
168 3079 359 3162 privatisque
372 3079 526 3160 opulentis
540 3079 643 3157 rebus,
659 3076 750 3142 uillas
763 3098 835 3142 suas
846 3080 1016 3142 inexcultas
1024 3091 1027 3098 '
1036 3067 1069 3143 et
1083 3083 1186 3157 rudes,

92 3199 134 3242 ne
156 3179 287 3242 tsctorio
308 3177 434 3261 quidam
456 3176 593 3260 paulitas
615 3180 692 3242 dicit
715 3181 754 3242 ad
770 3171 884 3243 annum
902 3199 996 3262 usque
1009 3179 1108 3247 atatis
1129 3202 1189 3244 suae

94 3281 371 3365 septuagesimum:
387 3282 489 3360 Atque
503 3276 548 3342 ibi
562 3295 666 3362 postea
683 3279 733 3345 his
750 3278 858 3346 verbis
876 3277 992 3345 utitur:
1007 3283 1121 3370 Neque,
1140 3285 1189 3346 iu·

94 3381 173 3465 quit,
190 3381 266 3442 mibi
282 3381 448 3462 aedificatio
462 3400 556 3464 neque
568 3403 678 3442 vasum
693 3405 789 3468 neque
803 3387 1018 3468 vestimentwn
1034 3382 1127 3450 ullum
1145 3399 1190 3444 est

97 3485 363 3560 manupretiosum,
377 3499 472 3566 neque
478 3483 631 3560 pretiosus
645 3502 758 3555 servus,
773 3503 867 3570 neque
877 3485 988 3544 ancilbr
997 3475 1053 3544 est.
1071 3485 1108 3544 Si
1118 3487 1189 3570 quia

97 3596 154 3656 est,
165 3572 279 3660 inquit,
292 3578 373 3661 quod
381 3593 461 3652 utar,
473 3592 559 3651 utor,·
568 3582 596 3638 si
605 3593 731 3649 nonest,
742 3601 839 3662 ageos
852 3602 938 3642 suum
949 3586 1056 3666 cuique
1068 3601 1128 3662 per
1140 3602 1191 3641 me
1219 3624 1240 3694 6

100 3683 144 3738 uti
155 3692 243 3764 atquc
250 3673 325 3756 frui
341 3667 421 3736 b'cetss
434 3677 512 3738 Tum
525 3670 636 3737 deinde
647 3672 750 3738 addit:
763 3673 800 3742 V
797 3682 852 3738 itio
870 3693 1001 3756 vertant,
1013 3678 1083 3764 quain
1100 3680 1194 3742 multa

101 3795 196 3856 egeo:
207 3787 240 3834 at
250 3790 310 3852 ego
320 3769 392 3846 illis,
404 3776 474 3856 quia
484 3785 631 3858 nequeunt
641 3792 744 3854 egere.

141 3923 368 3997 manupastus]
389 3922 450 3977 vu.
465 3924 618 3980 sesneueu
630 3923 662 3978 au
675 3923 770 3978 ctus.
782 3897 817 3978 [ιζ
833 3924 913 3978 usur.
926 3944 950 3979 ο.
968 3925 1009 3992 u,
1022 3925 1107 4010 psus.

148 4065 268 4132 Gellius
289 4067 373 4144 XVI,
394 4067 660 4132 testerbrant
676 4034 805 4131 Catonis
820 4087 860 4131 ex
881 4065 1033 4146 oratione,
1054 4089 1145 4152 quam
1159 4073 1197 4132 dc

107 4161 172 4228 suis
186 4159 354 4230 virtutibus
366 4163 475 4233 habuit
488 4187 496 4227 t
512 4165 612 4231 Aliud
621 4181 667 4228 est
677 4185 854 4244 properare,
874 4166 961 4226 aliud
961 4167 1135 4250 fiscinare:
1147 4173 1199 4254 qui

1023 4297 1055 4331 22
