2904 4838
632 380 699 450 149

114 496 161 558 M.
172 492 340 558 Matienus.
351 498 410 558 Ille
424 497 480 577 Sp.
491 499 719 588 Postumio,'Q
732 502 835 565 Mucio
852 500 959 566 Conss.
980 497 1064 582 (579)
1083 507 1212 582 timonio

109 609 189 663 ante,
205 594 256 654 bic
276 595 394 658 biennia
406 604 496 678 prius
514 603 555 664 L.
570 601 743 676 Postumio,
760 604 809 666 M.
821 601 957 682 Poptltta
971 600 1079 662 Conss.
1097 619 1215 680 pretor

98 694 219 770 ficerat.
233 693 434 758 Gravissimis
447 699 624 760 criminibus
638 705 774 762 accusati
786 699 879 760 ambo
892 699 1111 786 ampliatipue5
1122 721 1213 783 quum

107 791 236 850 dicenda
260 793 298 854 de
323 797 441 875 integro
466 817 576 857 caussa
599 813 700 874 esset,
722 801 863 860 excusati
884 797 978 861 exilii
1000 817 1093 858 causa
1116 797 1214 860 sulum

109 892 248 950 vertisse.
273 892 387 952 Furius
402 891 575 970 Praeneste,
591 896 752 956 Matienus
766 895 864 956 Tibur
882 895 1039 958 exulatum
1061 892 1213 955 abierunt.

111 988 178 1050 Huc
193 989 332 1070 pertinet
342 988 503 1055 Ciceronis
517 992 603 1055 locus
617 1013 656 1054 ex
670 991 812 1055 Divinas.
832 990 1212 1068 tumultuantem:

109 1085 158 1145 M.
177 1087 322 1151 &torrem
337 1091 429 1152 illum
447 1095 628 1170 sapientem,
649 1091 856 1152 clarissimum
876 1098 977 1152 virum
997 1108 1028 1152 et
1043 1094 1215 1169 prudentis·

108 1188 311 1256 simum,cum
325 1189 428 1247 multis
441 1209 551 1268 graves
563 1193 744 1252 inimicitias
752 1194 887 1268 gessisse
894 1195 1081 1268 accepimus,
1089 1205 1217 1268 propter

51 1337 54 1346 ,
108 1280 331 1360 Hispanorum,
346 1286 429 1360 apud
439 1306 513 1370 quos
528 1286 759 1365 consulfuerat,
777 1281 928 1370 injuriam
942 1298 974 1350 et
987 1287 1214 1350 Pseudousco-

109 1379 181 1440 nius
194 1381 233 1442 ad
247 1382 312 1444 haec
326 1381 423 1444 verba
435 1380 479 1466 (p.
491 1383 547 1446 124
560 1385 608 1446 ed.
616 1383 730 1470 Orell.)
742 1383 836 1455 :Cato
847 1381 900 1446 bic
910 1389 1061 1446 accusarit
1069 1384 1215 1464 Sergium

109 1480 177 1556 (sic)
187 1475 320 1544 Galbam
330 1505 392 1563 pro
407 1487 535 1566 direptis
543 1486 712 1562 Lusitanis,
728 1486 804 1548 etP.
818 1490 948 1548 Furium
960 1508 1019 1566 pro
1034 1485 1144 1546 iisdem
1155 1505 1214 1564 pru

108 1571 298 1664 numana
312 1586 689 1666 aestimationefrumenti.
713 1589 760 1648 Ac
775 1603 888 1648 revera
901 1597 970 1667 post
982 1581 1215 1646 damnationem

108 1675 197 1740 Furii
211 1674 245 1738 in
262 1677 397 1742 futurum
418 1681 591 1744 consultum
613 1683 653 1744 ab
673 1695 783 1744 senatu
796 1680 954 1764 Hispanis,
972 1683 1052 1764 quod
1066 1683 1213 1763 impetra·
1258 1674 1261 1682 “

108 1787 198 1851 runt,
216 1796 257 1837 ne
271 1775 418 1841 frumenti
437 1779 669 1843 aestimationem
688 1777 886 1860 magistratus
899 1779 1057 1841 Romanus
1069 1779 1212 1856 haberet,

109 1893 193 1935 neve
207 1888 333 1952 cogeret
347 1872 511 1938 vicesimas
524 1879 660 1939 vendere
675 1877 841 1963 Rispanos,
858 1872 968 1958 quanti
981 1872 1049 1960 ipse
1061 1874 1165 1949 vellet,
1182 1887 1215 1936 et

111 1995 152 2036 ne
167 1972 307 2056 praeieeti
326 1977 360 2038 in
380 1977 494 2059 oppida
509 1997 564 2039 sua
579 1979 618 2038 ad
632 1973 778 2058 pecunias
793 1979 947 2058 cogendas
964 1977 1216 2059 imponerentur.

111 2075 238 2154 Pighius
253 2073 286 2137 in
301 2079 416 2140 Annal.
430 2100 459 2140 a.
474 2082 515 2149 U.
531 2079 592 2144 602
608 2080 699 2142 aliam
715 2076 894 2162 opinionem
908 2073 1035 2142 statuit:
1052 2102 1067 2134 u
1084 2071 1213 2139 Videtur

111 2173 150 2234 L.
171 2175 287 2254 Furios
301 2175 407 2238 Philus
428 2179 496 2242 Ser.
512 2180 621 2244 Galbae
635 2179 776 2264 praetoris
790 2188 884 2256 (anno
903 2179 975 2261 603)
988 2189 1122 2262 quartur
1140 2189 1217 2240 tune
1239 2147 1286 2221 46

112 2271 217 2353 fuisse,
234 2289 326 2358 atque
345 2274 405 2341 ista
417 2276 584 2347 occasione
600 2294 730 2363 propter
744 2282 909 2345 Lusitanos
924 2279 1034 2344 eodem
1054 2279 1120 2343 iere
1139 2290 1216 2342 tem·

112 2376 275 2456 porcCato
286 2375 547 2442 amboshubuisse
558 2399 640 2442 reos.
656 2380 768 2444 Paucis
778 2377 894 2442 etenim
906 2375 997 2442 arinis
1006 2392 1075 2462 post
1083 2376 1219 2444 Galbam
1280 2429 1283 2438 .

112 2485 291 2535 accusatum
304 2471 371 2557 ipse
382 2476 494 2538 Furius
507 2473 625 2540 vixit.»
645 2473 796 2560 Quamvis
810 2473 893 2538 ratio
908 2495 946 2539 ea
958 2478 1033 2538 satis
1047 2472 1088 2539 sit
1102 2475 1216 2558 proba·

1 2563 2 2566 '
110 2566 196 2646 bilis,
209 2567 331 2635 Livium
343 2586 449 2635 tamen
459 2581 545 2656 sequi
556 2573 649 2650 malo,
663 2573 764 2655 quide
775 2575 811 2634 P.
826 2569 933 2647 Furio,
946 2594 1009 2635 nou
1020 2575 1058 2634 de
1070 2575 1108 2631 L.
1121 2573 1216 2633 Furio

111 2686 182 2728 rem
193 2683 323 2732 narrat:
340 2671 418 2733 alius
428 2667 512 2733 enim
523 2670 551 2734 is
564 2685 622 2744 est,
635 2691 726 2752 quem
737 2670 865 2752 Pighius
878 2663 1080 2750 significavit.

156 2763 315 2830 Charisius
326 2771 365 2845 11,
377 2789 408 2852 p.
428 2769 487 2833 198
498 2770 593 2834 :Cato
600 2789 658 2853 pro
667 2769 820 2833 Lusitanis
829 2766 993 2852 Hispanis:
1008 2765 1217 2848 Defrumento

113 2865 215 2931 utrobi
233 2869 322 2946 bona,
341 2871 442 2932 utrobi
459 2871 543 2932 mala
560 2873 660 2952 gratiis
677 2875 829 2950 capiatur,
849 2869 967 2930 utrinde
986 2872 1082 2936 iram,
1101 2864 1219 2926 utrinde

103 2967 265 3044 fluctiones
276 2967 331 3027 tibi
339 2989 444 3046 pares.

142 3099 285 3172 jaciturus]
299 3111 345 3153 aut
358 3100 474 3153 fautores
487 3113 533 3154 aut
545 3099 709 3174 opulentiam
722 3099 865 3173 significat.
886 3102 961 3153 Hanc
977 3101 1030 3152 vim
1042 3096 1101 3150 voci
1114 3095 1218 3150 Nonius

185 3184 289 3248 tribuis
305 3183 380 3236 illum
393 3183 567 3237 Forceilinus.
584 3181 689 3251 [Factt'o
700 3184 729 3237 h.
748 3185 768 3237 l.
788 3197 830 3237 eet
846 3183 986 3237 consensio
999 3193 1026 3234 et
1039 3180 1169 3234 amicitia:
1192 3197 1217 3232 v.

186 3267 305 3320 Turncb.
320 3266 431 3319 Adsere.
450 3286 477 3338 p.
494 3269 538 3322 98.
559 3269 657 3321 Docuit
668 3268 750 3340 igitur
764 3269 792 3320 h.
804 3267 823 3319 i.
835 3267 929 3337 quanti
941 3267 1121 3318 Romanorum
1133 3263 1217 3314 inter-

187 3363 271 3415 esset,
288 3362 319 3404 ut
331 3349 465 3404 frumenta
474 3351 545 3403 bona
557 3349 688 3403 sociorum
700 3351 784 3423 gratie
796 3363 963 3422 caperentur.
984 3345 1101 3402 eonon.
1114 3367 1142 3419 p.
1157 3347 1217 3399 130.

187 3431 269 3485 Nulla
277 3433 372 3486 hurum
381 3434 630 3506 interpretationum
638 3435 691 3487 loci
699 3431 884 3486 difficultatem
894 3433 989 3502 cottis]

145 3523 240 3589 pares]
248 3517 367 3593 colligas.

414 3689 464 3753 38.
489 3707 598 3751 onemo
615 3709 672 3750 ruo
688 3709 762 3750 neon
777 3705 917 3752 sonorus.
971 3737 977 3747 .

160 3873 208 3934 Dc
224 3884 363 3954 ternpore
376 3867 454 3950 legis
463 3869 575 3934 Cicero
589 3883 622 3932 et
635 3870 740 3933 Livius
754 3869 951 3932 diceneum.
968 3867 1081 3934 Cicero
1096 3863 1174 3930 (licit
1184 3868 1217 3928 in

114 3973 236 4036 Catone
252 3993 322 4053 cap.
337 3974 368 4047 5,
383 3972 515 4035 Ennium
531 3972 674 4058 Caepione
690 3985 722 4036 et
735 3969 881 4054 Philippo
897 3967 1013 4036 iterum·
1024 3971 1119 4034 Coss.
1137 3987 1218 4030 mor·

115 4086 202 4133 tuum
219 4093 298 4151 esse,
314 4093 384 4137 oum
394 4071 485 4147 Cato,
503 4073 638 4154 quinque
658 4085 692 4135 et
712 4070 874 4152 sexaginte
887 4087 986 4132 aoros
999 4081 1103 4142 natus,
1118 4067 1218 4144 legem

115 4167 288 4234 Voconiam
301 4171 458 4243 suasisset,
474 4172 556 4251 quod
570 4173 609 4232 ud
622 4187 738 4234 cunero
750 4167 811 4230 584
828 4163 978 4248 pertinet.
993 4165 1099 4226 Livius
1113 4175 1216 4226 autem
