2904 4838
161 469 435 540 magistratusdieitur
447 468 697 538 solempniaco:
708 481 735 522 ct
748 468 910 520 vocationem
925 479 952 518 et
966 467 1177 538 prebensionenn‚

159 557 186 610 id
196 569 246 621 est,
256 556 396 630 prodendi,
405 555 525 622 vocandi,
534 554 714 630 prehendendi
720 551 778 626 jus.

133 684 259 745 Festus:
274 707 289 738 a
307 675 458 770 [Nasum
472 675 640 767 sdaamp..
658 699 748 762 quam
759 675 921 762 opprobrii
933 678 1002 740 loco
1020 671 1129 763 [objici
1144 680 1182 741 ab
1207 699 1250 775 ῃ
1337 712 1338 720 κ

93 778 228 862 antiquis
235 777 363 871 solere],
375 781 498 860 quodin
507 799 547 842 ea
557 780 674 842 morari
684 774 882 867 ads[usssent
890 772 1006 860 perditi
1014 770 1182 862 ho]miues‚

90 876 179 940 tostis
201 891 249 940 est
270 881 313 941 M.
334 875 429 967 Cu[to
448 880 483 940 in
503 897 541 941 ea
563 897 654 960 quam
679 875 862 966 sculptitia]
886 879 931 938 M.
962 876 1087 936 Caelium
1106 878 1136 936 si
1153 897 1186 936 sc

91 970 373 1063 appella[visset...]
394 999 414 1035 a
434 990 523 1055 portu
544 975 656 1036 Naevia
678 989 768 1059 atque
780 995 890 1036 ex...»
911 975 1012 1058 Quem
1025 973 1128 1035 locum
1143 971 1189 1036 ita

91 1077 313 1160 suppleverunt
328 1078 479 1140 editores:
489 1076 587 1134 Orsus
601 1079 660 1134 iter
674 1095 760 1134 eram
774 1095 793 1136 a
806 1086 899 1157 porta
911 1076 1016 1138 Naevia
1030 1087 1124 1162 atque
1138 1097 1189 1139 ex·

91 1175 163 1236 inde
174 1179 205 1233 in
216 1194 344 1234 nemora
353 1169 456 1234 Noevia
467 1193 487 1229 a
497 1171 586 1231 domo
592 1171 703 1250 procul
709 1172 825 1232 Ncevia.

132 1272 285 1338 Priscian.
295 1275 349 1350 Vl,
360 1274 392 1350 l,
406 1294 438 1355 p.
453 1272 533 1334 244:
550 1272 628 1336 Cato
647 1274 680 1334 in
695 1272 926 1338 cloacinam:
947 1275 1026 1356 Quis
1043 1275 1091 1338 illi
1105 1277 1190 1336 modi

89 1392 162 1434 esse
173 1371 259 1430 verit?

130 1527 142 1554 *
159 1526 238 1598 Quis]
256 1524 381 1578 Kiehlius
397 1544 405 1574 :
422 1525 512 1577 «Ante
525 1529 583 1597 quis
600 1523 721 1578 codicum
739 1524 894 1578 auctoritate
905 1524 992 1578 delevi
1007 1537 1041 1580 et.
1059 1548 1071 1576 a
1091 1527 1191 1598 Apsum

165 1621 250 1662 tamen
268 1607 373 1660 videtur
387 1606 416 1660 h.
433 1605 453 1658 l.
473 1609 567 1680 &quia
588 1619 639 1658 cte.
661 1608 695 1660 Et
711 1607 749 1660 sic
769 1607 875 1660 totidem
892 1607 976 1662 literis
994 1611 1122 1682 scriptum
1137 1610 1192 1663 vidi

162 1696 191 1747 iu
206 1693 265 1746 cod.
275 1693 359 1764 Regio
369 1693 446 1755 7497,
457 1694 495 1744 lll
504 1711 562 1746 arec.

137 1829 180 1887 Μ.
193 1825 309 1888 Coelius
329 1839 382 1887 aut
395 1823 536 1886 Coecilius
548 1825 652 1907 (litem
667 1823 750 1884 enim
768 1821 916 1884 dirimere
936 1841 999 1885 non
1023 1828 1192 1910 possumus)

94 1921 240 1986 tribunus
253 1922 294 2005 pl.
311 1923 444 1984 minatus
458 1933 538 1992 erat,
551 1920 656 1983 nescio
671 1939 739 1992 cur,
750 1919 899 1982 Catonem
910 1939 943 1982 se
955 1933 1190 1983 accusaturum:

94 2027 148 2088 sed
160 2037 324 2105 antequam
335 2023 508 2106 appellarat
517 2039 597 2098 eum,
610 2019 688 2084 Cato
702 2021 769 2103 ipse
784 2033 894 2084 contra
904 2019 991 2084 illum
1001 2023 1099 2096 venit,
1111 2024 1193 2104 quod

96 2122 276 2197 cassalun,
294 2140 353 2203 quc
372 2116 536 2186 desisteret
555 2118 595 2179 ab
616 2119 812 2180 accusatione
826 2115 983 2186 tribunus.
1006 2118 1192 2183 Nominatur

96 2221 140 2281 M.
154 2217 295 2282 Caecilius
310 2214 453 2280 tribunus
466 2216 509 2298 pl.
526 2215 681 2279 arnobii
695 2213 731 2278 in
748 2211 849 2296 l‘iglrii
867 2217 1049 2280 Annalibus.
1071 2219 1190 2282 Macro·

96 2315 166 2377 bius
177 2315 343 2388 Caecilium,
360 2335 449 2396 quem
465 2310 564 2375 ceteri
583 2314 736 2373 tribunum
756 2315 924 2397 appellant,
940 2316 1068 2379 fortuito
1083 2335 1193 2380 errore

98 2433 269 2479 senatorem
286 2428 397 2480 uocat:
420 2415 541 2476 tribuni
563 2415 645 2476 enim
668 2435 750 2476 anno
772 2417 893 2478 demum
911 2417 999 2478 urbis
1015 2418 1076 2480 623
1093 2416 1193 2481 Atinii

97 2515 259 2598 plebiscito
273 2525 431 2576 senatores
444 2523 517 2572 sunt
530 2509 617 2572 iacti.
629 2513 667 2573 V.
681 2510 830 2573 Creuzer.
847 2513 957 2591 Antiq.
969 2514 1059 2574 Rom.
1073 2515 1102 2594 S.
1117 2515 1190 2579 153.

97 2611 176 2675 Cato
190 2623 291 2672 autem
306 2629 388 2672 anno
400 2606 460 2670 604
472 2618 604 2670 mortem
616 2605 705 2668 obiit.
722 2609 765 2668 At
776 2607 811 2668 in
826 2606 885 2668 alia
900 2625 1027 2687 prorsus
1039 2613 1195 2673 sententia

99 2715 135 2777 de
150 2712 255 2775 indice
270 2711 419 2774 orationis
432 2721 478 2772 cst
487 2709 641 2772 Weberus
652 2727 684 2790 p.
699 2707 750 2783 32,
763 2704 816 2788 qui
829 2727 899 2769 eum
913 2721 980 2768 esse
994 2712 1089 2768 omtio
1101 2715 1134 2770 a'n
1145 2713 1192 2772 M.
1295 2723 1298 2728 '

102 2811 246 2880 Coelium,
262 2813 291 2870 si
304 2829 338 2869 sc
351 2807 505 2868 tribunum
515 2805 615 2886 plebis
625 2805 844 2887 appellavisset,
856 2813 956 2886 putat.
973 2808 1005 2868 ls
1017 2806 1123 2886 igitur,
1136 2810 1193 2890 ait,

99 2906 222 2973 titulum
236 2905 354 2969 tribuni
368 2915 589 2988 usurpaverat:
606 2923 676 2965 curn
691 2903 771 2986 apud
790 2901 982 2966 Macrobium
1002 2915 1129 2970 senator
1149 2909 1197 2971 di«

100 3023 190 3074 catur
203 3029 267 3073 uon
276 3005 440 3087 ignobilis,
453 3006 582 3069 fortasse
596 3004 754 3090 conjicere
767 3005 874 3081 licere,
888 3026 958 3070 eum
969 3018 1102 3091 propter
1111 3031 1195 3074 com·

101 3108 228 3174 missurn
243 3109 320 3171 illud
333 3109 442 3170 lalsum
459 3120 600 3170 esenatu
615 3119 730 3169 motum
745 3127 823 3170 esse.
849 3109 1003 3171 Praeterea
1022 3105 1197 3175 censoriam

102 3229 169 3273 esse
187 3207 361 3286 sditionem
381 3199 548 3265 existimat.

399 3423 450 3485 65.
474 3439 600 3482 circuis
620 3438 730 3482 onium
753 3441 791 3481 uu
813 3442 900 3482 nuru.

147 3631 269 3700 Gellius
282 3629 322 3701 X,
342 3629 400 3692 23:
416 3627 459 3687 M.
470 3621 547 3688 cato
564 3642 627 3688 non
641 3622 740 3686 solum
759 3619 969 3703 existimatus,
991 3628 1046 3688 sed
1059 3624 1203 3693 multatas

108 3751 227 3818 quoque
237 3749 255 3792 a
262 3726 366 3812 judice
380 3723 526 3788 mulieres
536 3719 632 3783 relert
646 3738 709 3780 non
722 3720 835 3798 minus,
847 3721 874 3783 si
885 3721 991 3784 vinum
1005 3724 1038 3784 in
1051 3744 1083 3786 se
1114 3749 1205 3810 quam

108 3839 136 3900 si
154 3833 304 3920 probrum
324 3841 356 3892 et
374 3824 558 3888 adulterium
578 3819 784 3884 admisissent.
809 3822 920 3896 Verba
938 3825 981 3885 M.
1003 3823 1132 3892 Catonis
1157 3835 1207 3894 ad·
1293 3863 1298 3894 ι

108 3929 220 4018 scripsi
242 3923 450 3997 exoratione,
466 3940 534 4004 que
547 3917 730 4016 inscribitur
745 3919 796 3982 De
816 3921 896 3995 dote,
916 3917 951 3983 in
970 3943 1030 4006 qua
1044 3925 1077 3990 id
1091 3951 1208 4012 quoque

109 4033 257 4114 scriptum
276 4037 336 4098 est,
356 4019 390 4084 in
406 4015 557 4083 adulterio
571 4038 684 4080 uxores
698 4019 908 4103 deprehensas
920 4019 968 4104 jus
982 4023 1075 4088 fuisse
1088 4025 1210 4092 maritis

110 4148 224 4202 necare
245 4148 253 4186 :
272 4125 342 4195 Vir,
365 4119 477 4199 inqttit,
498 4137 589 4204 quom
608 4117 767 4180 divortium
778 4117 879 4196 fizcit,
904 4120 1026 4180 mulieri
1034 4120 1137 4206 jadex
1150 4147 1210 4205 pro

1001 4234 1035 4284 ab
