2954 4840
779 377 845 452 364

261 535 352 604 pater
365 521 484 586 amiens
504 520 563 584 luit
582 520 708 584 &nece
731 519 878 594 rhetoris,
902 531 934 581 et
956 520 988 582 in
1009 537 1105 600 opere
1125 517 1191 601 ejus
1205 517 1366 582 rhetorico

149 689 152 699 y
260 633 364 683 cosm
374 620 560 704 appellatur,
575 630 608 679 et
619 617 710 700 hujus
724 618 816 682 nnius
828 630 900 680 sunt
913 617 1086 690 sementim,
1101 617 1319 697 queGallioni
1332 617 1366 680 in

259 718 314 780 illo
334 715 564 783 udscmbuutur.
589 717 619 781 ls
641 716 737 798 ipsius
758 718 884 782 8000000
906 715 1019 791 lilium,
1041 715 1214 798 philosophi
1233 715 1366 779 fratrem

262 827 337 880 natu
351 815 529 896 maximum,
545 818 715 900 adoptavit,
732 817 785 900 qu·
798 817 871 883 iude
884 817 995 883 lunius
1011 820 1144 880 lunens
1154 813 1261 882 Gallio
1276 837 1367 880 vocu-

261 917 365 980 batur.
375 916 465 982 Coni.
476 916 578 980 Faber
586 918 625 980 ad
632 916 742 982 Senes.
755 916 905 982 Controv.
918 919 963 992 ll,
974 917 1006 993 4,
1019 938 1050 1000 p.
1063 918 1191 999 ilisq„
1201 917 1365 1000 Spalding.

262 1011 446 1202 {dWQniirtib
459 1019 518 1094 lll,
537 1021 564 1094 1,
580 1019 632 1082 21.
651 1011 810 1110 [schottus
822 1018 872 1082 De
885 1015 980 1083 claris
995 1038 1045 1100 ap.
1059 1020 1134 1084 Seu.
1152 1019 1249 1080 rhett.
1267 1038 1298 1102 p.
1314 1021 1365 1085 16.

313 1130 370 1177 OS!-

165 1323 235 1400 246
271 1291 275 1300 ¹
570 1317 667 1392 Clll.
695 1317 820 1390 Julius
838 1318 1054 1390 Africanus.

299 1549 331 1609 Is
346 1545 426 1610 iilius
444 1562 491 1612 est
507 1547 583 1611 Julii
598 1548 747 1612 Africani
771 1569 789 1610 e
807 1545 955 1612 Santonis
971 1545 1095 1613 Gallica
1116 1547 1255 1623 ciuitate,
1278 1549 1330 1629 qui
1350 1567 1368 1607 a

257 1646 383 1710 Tiberio
394 1649 557 1712 damnatus
568 1662 631 1726 est,
644 1663 678 1712 nt
688 1649 790 1714 'facit
803 1651 886 1712 Anu.
897 1652 953 1726 vl,
968 1649 984 1712 'i
1000 1661 1121 1721 narrat,
1131 1648 1229 1712 frater
1240 1649 1306 1732 ejus
1317 1652 1368 1712 vel

265 1758 415 1828 cognatus
428 1759 515 1812 certe
530 1761 577 1812 est
587 1748 712 1815 Sextius
722 1748 899 1821 Africanus,
915 1749 967 1830 qni
980 1767 1091 1812 census
1101 1770 1159 1834 per
1170 1748 1289 1814 Gallias
1304 1744 1369 1829 egit

269 1863 353 1911 anno
361 1845 457 1911 Urbis
466 1845 540 1918 644,
554 1860 682 1910 auctore
691 1845 790 1915 Tacit.
803 1849 889 1911 Ann.
900 1847 984 1921 xiv,
997 1846 1050 1909 46.

306 1940 390 2005 Diui.
405 1945 442 2007 de
454 1957 549 2006 oratt.
563 1964 592 2006 c.
609 1932 666 2009 lb:
684 1943 783 2008 Video
797 1943 890 2007 etium
904 1941 1000 2008 Grais
1014 1939 1179 2016 accidisse,
1198 1955 1232 2004 nt
1246 1941 1370 2023 longius

265 2039 346 2101 absit
355 2039 499 2103 AEschine
518 2052 551 2103 ct
568 2041 776 2104 Demosthene
789 2041 940 2105 Sacerdos
958 2039 1016 2104 iste
1034 2041 1176 2116 Nicetes,
1200 2055 1232 2103 et
1253 2038 1280 2102 si
1300 2041 1370 2124 quis

265 2140 343 2208 nlius
358 2143 510 2222 Ephesum
525 2143 576 2208 vel
589 2142 754 2225 Mitylenae
774 2142 929 2206 contentis
951 2138 1206 2208 scholasticorum
1228 2141 1369 2206 clamori·

265 2236 455 2318 sesquatis,
480 2257 573 2318 qnam
587 2239 665 2302 hier
687 2237 862 2321 (Domitius
883 2238 969 2324 hier)
989 2251 1043 2302 ant
1063 2239 1227 2304 Africanus
1249 2237 1369 2324 (Julius

266 2335 443 2426 Africanus)
454 2350 507 2399 ant
518 2356 574 2402 ros
584 2335 644 2420 ipsi
655 2357 673 2400 a
684 2337 838 2404 Cicerone
850 2351 903 2402 aut
914 2338 1022 2402 Asinio
1036 2340 1215 2407 recessistis.

300 2474 431 2530 Sacerdos
440 2475 557 2544 Nicetes]
566 2475 637 2530 conf.
646 2474 718 2528 Plin.
729 2476 780 2550 Ep.
789 2476 837 2540 Vl,
848 2479 874 2540 6,
886 2480 913 2534 3.

307 2601 440 2686 Quintil.
460 2603 501 2677 X,
523 2605 552 2677 l,
573 2602 651 2664 118:
675 2601 801 2676 1600000,
818 2619 893 2682 qnos
906 2596 1050 2676 viderim,
1070 2601 1222 2662 Domitius
1236 2599 1324 2680 Aser
1341 2614 1369 2658 et

264 2704 537 2784 JuliusAfricanus
547 2705 640 2781 longe
648 2699 907 2788 prestantissimi,
915 2701 968 2764 bic
978 2701 1174 2773 concitatior,
1185 2701 1239 2762 sed
1249 2697 1284 2762 in
1294 2717 1369 2765 cura

265 2803 432 2868 verborum
443 2803 558 2870 nimius
568 2816 600 2868 et
611 2802 836 2886 compositione
854 2819 1076 2884 nonnunquam
1087 2799 1210 2882 longior
1222 2812 1254 2862 et
1271 2813 1368 2866 trans·

265 2903 433 2971 lanionibus
442 2923 552 2987 parum
563 2903 711 2969 modicus.

308 3001 355 3061 ld.
370 2997 443 3077 llll,
458 3001 509 3076 10,
524 2997 558 3062 11
573 3021 581 3060 ε
597 3000 675 3062 Tum
690 2999 802 3062 deinde
815 2995 987 3066 efflorescat
1002 3018 1064 3062 non
1088 3000 1216 3063 multum
1236 2996 1321 3062 inter
1337 3018 1369 3060 se

190 3120 192 3127 ’
266 3097 447 3168 distantium
461 3113 603 3184 tempore
617 3113 777 3165 oratorum
789 3101 901 3181 ingens
915 3112 1097 3184 proventus.
1120 3101 1179 3164 llic
1197 3101 1262 3162 vim
1272 3087 1369 3164 cass·

266 3201 322 3276 ris,
345 3198 480 3266 indolem
499 3198 598 3273 Coelii,
619 3198 822 3263 subtilitatem
842 3194 968 3269 Calidii,
992 3193 1187 3277 diligentiam
1209 3197 1366 3271 Pollionis,

266 3295 449 3377 dignitatem
465 3295 613 3372 Messalae,
635 3295 832 3361 sanctitatem
851 3294 953 3366 Calvi,
975 3295 1162 3375 gravitatem
1178 3294 1281 3367 Bruti,
1300 3313 1369 3358 acn-

263 3413 336 3460 men
352 3391 494 3479 Sulpicii,
509 3395 711 3459 acerbitatem
723 3394 823 3458 Cassii
839 3395 1052 3481 reperiemus3
1073 3397 1106 3456 in
1121 3393 1159 3456 iis
1173 3393 1279 3467 enam,
1297 3409 1370 3475 qnos

265 3494 329 3579 ipsi
340 3493 484 3573 vidimus,
502 3497 622 3582 copiam
636 3496 774 3572 Senecae,
791 3497 875 3560 vires
891 3495 1044 3570 Abicnni,
1060 3496 1271 3587 maturitatem
1291 3495 1372 3565 hhi,

262 3596 488 3680 jucunditatem
509 3599 623 3683 Crispi,
648 3619 757 3662 sonum
772 3596 931 3672 Trachali,
955 3594 1143 3678 elegantiam
1161 3595 1318 3661 Secundi:
1340 3608 1370 3657 at

265 3695 310 3764 M·
325 3695 460 3760 Tullium
482 3694 515 3760 iu
535 3693 773 3776 omnibusque
794 3691 829 3762 in
852 3712 971 3773 quoqne
991 3693 1169 3772 laudantur,
1192 3692 1369 3757 eminentis·
1434 3716 1439 3732 ·

265 3816 388 3864 simum.

295 3898 511 3970 ‚ld.Vlll,‚5,
534 3895 592 3958 ¹5:
615 3897 686 3960 ,lam
706 3897 773 3960 hcc
793 3894 892 3974 magis
906 3914 987 3960 nova
1000 3897 1226 3960 sententiarum
1239 3912 1366 3974 genera.

267 3998 319 4060 Ex
334 3998 736 4079 inopimu.-⁴lnsigniler
750 3997 918 4064 Africanus
937 3999 1022 4077 apud
1036 3999 1197 4060 Neronem
1217 3998 1255 4060 tle
1274 4009 1369 4058 mone

265 4100 398 4156 matris:
417 4095 538 4174 Rogant
556 4108 597 4167 tc,
614 4093 731 4168 Crosar,
747 4094 861 4155 Gallice
876 4108 947 4169 aare,
962 4093 1185 4176 ulfelicitctsm
1202 4109 1289 4156 tuam
1295 4091 1367 4176 sor·

263 4198 442 4276 titerflsras.
