2934 4846
684 348 720 394 11

146 460 307 536 excolere
333 460 530 553 munditate,
559 474 758 535 nostrerum
781 459 1050 534 adolescentium
1070 463 1248 560 specimen

145 597 211 658 esc.
238 587 328 660 Sunt
348 611 434 686 ergo
450 587 528 660 ilnae
545 587 727 686 praecipue
745 571 872 671 cau'sae,
900 610 979 684 quse
1007 584 1246 683 eloquentiam

146 707 414 805 tunctemporis
429 725 679 808 corruperunt,
698 708 823 781 amissa
836 705 1043 805 respublica
1060 722 1096 778 et
1107 705 1247 784 luxuria

144 855 294 904 morum.
314 833 449 908 Judicia
468 832 589 933 populi
606 807 749 906 omuino
767 832 965 921 cessabant,
981 855 1095 907 causae
1110 831 1244 930 gravis-

143 961 240 1032 simae
254 985 374 1036 omnes
388 963 432 1036 ab
445 963 657 1058 imperatore
683 963 761 1060 ipso
778 959 1058 1058 suscipiebantur
1083 975 1120 1030 et
1136 958 1249 1030 disca·

142 1086 346 1182 ptabantur,
372 1086 466 1184 apud
485 1111 590 1186 quem
615 1085 828 1182 eloquentie
847 1081 969 1156 nullus
996 1084 1144 1156 relictus
1170 1099 1246 1159 erat

141 1209 254 1286 locus.
287 1213 415 1286 Causis
441 1212 586 1310 privatis
611 1235 685 1284 non
709 1209 939 1310 eloquentia,
972 1208 1034 1284 sed
1054 1207 1243 1282 calliditate

28 1422 31 1431 ,
141 1377 234 1449 opus
256 1367 345 1436 erat,
364 1351 412 1421 ita
437 1366 476 1421 ut
500 1347 637 1422 rabulae
662 1366 699 1421 et
716 1364 934 1421 reseratores
954 1349 996 1419 iis
1023 1345 1240 1420 sufficereut.

139 1480 300 1566 Accedit,
321 1480 417 1579 quod
434 1483 549 1554 omnis
571 1480 745 1560 sentiendi
761 1495 798 1552 at
815 1478 994 1556 scribendi
1007 1477 1154 1552 libertas
1173 1479 1241 1550 mh

137 1611 281 1685 Tiberio
292 1613 366 1708 jam
381 1613 501 1709 periit.
521 1610 611 1686 Cum
627 1611 732 1708 igitur
745 1626 902 1684 veterem
918 1609 1065 1704 gloriam
1082 1611 1241 1707 premia·

50 1818 52 1824 Ι
139 1759 211 1832 que
232 1735 377 1830 pristina
393 1735 566 1809 amisisset
586 1720 789 1832 eloquentia
811 1757 852 1806 ac
870 1757 983 1830 prope
1000 1748 1241 1808 contemnere·

67 1841 72 1861 ¹
140 1871 214 1943 tur,
233 1853 299 1928 alia
311 1856 441 1948 studia,
454 1858 593 1952 poetica
606 1872 643 1927 et
653 1855 833 1944 historica,
850 1880 927 1954 quae
943 1871 1046 1928 antea
1061 1879 1135 1928 non
1150 1879 1244 1934 sam·

140 1980 224 2054 dem
237 1979 363 2054 famam
373 1985 556 2057 consecuti
570 1999 685 2073 erant,
703 1985 736 2059 ei
753 1982 920 2080 preferre
931 2005 1087 2080 coepere,
1104 1999 1141 2056 et
1153 2007 1242 2080 prae·

139 2081 349 2176 stantissima
363 2105 505 2200 ingenia
530 2130 611 2179 mox
636 2130 715 2180 eam
732 2081 981 2180 deseruerunt.
1000 2109 1157 2180 Luxuria
1184 2132 1242 2180 au·

139 2250 213 2310 tem
229 2236 363 2309 animos
383 2236 567 2311 bominum
578 2238 667 2310 adeo
681 2236 911 2326 effeminavit,
934 2255 974 2310 ut
987 2239 1032 2312 ad
1048 2239 1185 2336 majora
1204 2257 1240 2314 et

139 2360 279 2434 excelsa
294 2363 380 2435 eniti
392 2386 462 2436 non
479 2363 626 2460 amplius
641 2379 800 2463 possent.
822 2363 908 2438 Ideo
923 2387 1114 2462 paucorum
1130 2388 1237 2440 anno·

136 2507 216 2554 rum
229 2487 342 2582 spatio
360 2484 564 2584 eloquentia
581 2487 727 2562 deflexit
745 2488 790 2561 ab
807 2487 865 2560 illa
880 2505 999 2562 vetere
1015 2461 1153 2562 dicenili
1167 2491 1242 2576 via,

137 2613 250 2682 Nemo
271 2611 398 2685 deinde
416 2614 594 2709 perfectus
608 2631 728 2688 orator
744 2638 821 2686 esse
842 2615 984 2688 dicitur.
1005 2614 1113 2707 Quod
1120 2616 1238 2704 vsileo,

138 2752 179 2807 ut
190 2735 416 2812 auctorDial.
429 2740 587 2812 deoratt.
599 2764 631 2812 c.
646 2743 687 2814 15
696 2741 796 2829 dicit,
807 2741 909 2814 esem
921 2741 1045 2814 Gratis
1052 2741 1238 2830 cessasse,

138 2875 180 2934 nt
198 2860 337 2960 longius
353 2863 449 2936 obsit
470 2865 646 2938 AEsctne
665 2877 704 2938 et
715 2865 953 2940 Demosthene
971 2869 1150 2942 Sacerdos
1176 2879 1239 2944 iste

137 2991 292 3078 Nicetes,
309 2993 392 3064 etsi
412 2994 494 3092 quis
515 2992 611 3066 elius
624 2994 805 3094 Ephesum
818 2995 876 3068 vel
885 2993 1077 3092 Msiylencs
1094 3010 1238 3070 conten-

137 3116 179 3188 tis
206 3115 492 3192 scholasticorum
521 3119 733 3194 clamoribus
766 3122 893 3218 quatri,
924 3146 1033 3218 quam
1057 3123 1148 3215 Aser
1173 3141 1240 3200 cuc

138 3239 328 3328 Astacenus
351 3264 375 3314 e
399 3241 565 3317 Cicerone
587 3255 652 3316 cut
673 3243 800 3316 Asinio
827 3259 1057 3320 recesserunt.
1078 3290 1125 3302 —-
1149 3251 1236 3322 Erat

136 3375 255 3434 autem
266 3361 431 3460 princeps
442 3386 615 3438 novorum
629 3382 810 3439 oratorum
820 3367 962 3439 Cassius
974 3369 1138 3457 Severus,
1153 3397 1234 3444 cum
1349 3407 1353 3412 ·

137 3511 209 3586 quo
216 3491 318 3586 juxta
336 3509 584 3589 comparantur
598 3496 773 3576 Domitius
787 3495 884 3582 Afer,
900 3499 921 3568 J
925 3497 1016 3572 ulius
1030 3499 1239 3592 Africanus„

137 3611 264 3687 Vibius
285 3602 484 3704 Passienus,
512 3617 632 3696 Vibius
654 3620 811 3718 Crispus,
838 3622 879 3692 L.
907 3623 1063 3696 Annaeus
1082 3625 1228 3716 Seneca,

137 3737 298 3812 Galerius
321 3741 526 3835 Trachalus,
550 3743 666 3820 Julius
691 3743 828 3834 Florus,
859 3746 990 3820 Plinius
1013 3749 1146 3837 minor,
1176 3755 1228 3826 M.

135 3863 261 3938 Fabius
278 3867 525 3958 Quintilianus.
552 3872 602 3944 Ex
621 3895 774 3972 quorum
794 3871 1010 3948 orationibus
1026 3899 1137 3970 pauca
1153 3895 1228 3952 tan·

135 4003 207 4063 tum
225 3990 423 4088 fragmenta
441 4013 566 4104 practer
591 3996 692 4082 Plinii
712 4000 964 4104 Panegyricum
985 4001 1027 4078 ad
1042 4005 1226 4096 Trajanum
