2904 4838
632 341 696 411 167

120 471 253 551 Pighius,
278 473 330 552 qui
350 473 449 552 legem
471 476 509 535 de
529 473 675 540 libertate
696 477 811 557 civium
832 497 914 541 anno
930 479 992 540 tto
1011 485 1080 544 aP
1096 481 1210 548 Porcio

118 569 205 632 laeca
219 567 344 633 tribuno
358 573 399 653 pl.
417 570 534 634 Catone
553 574 705 636 suadente
726 577 830 638 datam
845 575 965 638 statuit.
983 571 1145 665 [Quamuis
1157 602 1209 644 au-

116 677 176 727 tom
191 663 331 730 nonnulli
345 667 426 730 hanc
440 667 551 733 Catoni
566 671 740 734 orationem
753 671 896 735 tribuant
914 670 958 758 (v.
979 675 1103 735 Ernest.
1121 675 1206 739 Clau.

114 765 180 828 Cic.
192 787 225 828 v.
240 766 379 851 Porcio),
393 781 498 833 tamen
512 755 594 834 haud
608 772 672 834 scio
689 793 730 835 un
746 771 800 835 alii
815 793 884 836 eam
898 772 1050 838 meliore'
1037 793 1108 855 June
1119 773 1212 855 ipsius

2 907 3 912 η
116 865 307 947 temporibus
321 865 527 950 antiquiorem
538 870 719 953 judicent...
742 873 836 936 Forte
853 891 910 954 pro
926 873 1034 953 populi
1050 873 1212 952 legendum
1266 883 1269 890 '

112 966 220 1026 Petilii
233 969 284 1030 vel
294 968 443 1030 Pettltam
443 1003 456 1051 ,1
470 973 515 1040 ita
529 983 564 1033 ut
577 972 670 1036 seusu
683 970 848 1035 referenda
862 974 904 1036 sit
917 975 957 1034 ad
971 993 1040 1036 eam
1054 975 1092 1038 de
1106 974 1212 1056 quain

27 1074 28 1080 ’
114 1081 194 1129 orat.
207 1069 245 1128 dc
255 1073 387 1148 pecunia
397 1075 482 1149 regis
495 1070 646 1130 Antiochi
660 1071 778 1134 dictum
794 1069 900 1154 (supra
912 1095 946 1135 n.
958 1072 1049 1156 Xll.»
1071 1072 1208 1134 Bolluis.

112 1183 146 1245 p.
162 1161 249 1254 itt]
267 1169 368 1246 Atque
379 1163 542 1248 Pompeius
553 1168 659 1230 Festus
671 1187 728 1250 pro
742 1169 877 1253 scopulis
889 1169 1003 1232 civium
1011 1170 1053 1230 M.
1063 1169 1211 1234 Catonem
1250 1225 1259 1248 ,

113 1259 228 1324 dixisse
242 1263 402 1326 manifesto
416 1265 559 1338 ostendit,
583 1264 681 1326 rerba
692 1265 788 1347 ipsius
798 1266 933 1330 asserem
942 1265 1131 1330 exoratione
1139 1286 1212 1328 con·

111 1372 166 1438 tra
179 1361 222 1420 M.
235 1357 382 1423 Goelium:
397 1362 523 1422 Hostem
533 1367 683 1444 percussi,
695 1383 777 1443 saepe
791 1366 961 1427 incolumis
973 1364 1054 1440 altu
1062 1379 1212 1444 practerea
1239 1323 1284 1394 63

108 1475 171 1534 pro
182 1455 352 1536 republica,
361 1477 419 1540 pro
432 1460 565 1543 scapulis
578 1475 668 1544 atque
681 1463 797 1521 ceratio
812 1461 940 1520 multum
954 1461 1127 1542 respubliccu
1135 1484 1212 1542 pro·

103 1551 173 1628 fui.
196 1551 310 1632 Legem
325 1551 471 1618 Porciam
484 1553 748 1629 LiviusallertX,
778 1555 809 1619 9.
826 1557 897 1623 Vid
914 1557 1011 1620 Bach.
1033 1554 1210 1640 lurisprud

153 1748 327 1831 Noniusp.
347 1750 399 1826 87,
420 1751 479 1814 15.
496 1753 697 1834 compluries,
711 1754 902 1836 frequenter.
916 1753 994 1818 Cato
1012 1729 1186 1820 suasione
1177 1777 1211 1818 ιιι

109 1848 213 1926 legem
226 1848 351 1930 populi.
369 1850 462 1930 Quod
477 1851 659 1934 compluries
676 1873 731 1912 usu
748 1856 846 1926 venti,
867 1855 954 1911 omni
973 1865 1110 1930 temporit³
1128 1868 1211 1912 aute-

112 1960 238 2006 ventum
248 1967 328 2016 esse,
340 1947 562 2029 rempublicam
576 1951 742 2010 reddimus,

150 2099 202 2133 usu
213 2080 292 2151 venit]
303 2083 344 2135 En
353 2081 441 2136 locum
449 2084 596 2154 antiquum,
606 2083 636 2136 in
647 2102 701 2154 quo
713 2083 790 2138 nulla
802 2085 884 2138 editio
897 2085 1005 2138 alteram
1015 2083 1154 2139 lectionem
1162 2104 1212 2137 usu

182 2167 534 2241 cvmtlpraebet.Vid.Orell.
542 2170 664 2224 adCicer.
671 2169 782 2223 Tuscul.
791 2189 853 2242 pag.
868 2169 920 2224 ott
930 2188 972 2242 sq.
983 2167 1143 2237 [Reddimus.
1153 2169 1212 2224 Edi·

184 2253 222 2305 tio
234 2272 277 2326 up.
285 2253 361 2308 Bolb.
370 2253 536 2310 reddtiit'mus.
547 2257 633 2311 Locus
641 2255 760 2310 nondum
768 2249 873 2325 oenus]

490 2461 542 2522 55.
567 2479 642 2522 caro
662 2481 693 2523 ιιι
716 2481 842 2524 ransart.

154 2641 286 2706 Censori
296 2639 408 2708 Catoni
417 2645 591 2708 orationem
604 2642 715 2705 tribuit
723 2641 890 2708 Weberus.

157 2742 276 2809 Nouius
288 2766 321 2828 p.
332 2746 404 2823 151,
416 2748 473 2811 1οι
485 2744 663 2821 Paseeotus,
680 2765 720 2807 ex
734 2744 819 2807 aluta
833 2743 985 2808 sacculus.
1000 2743 1077 2806 Cato
1088 2743 1122 2804 in
1134 2745 1214 2808 Pan·

112 2861 201 2904 sam:
221 2839 319 2902 Pueri
340 2847 372 2902 in
393 2843 481 2904 indos
499 2842 589 2902 telios
604 2841 769 2922 pasceolos
777 2841 903 2922 furore.
920 2873 963 2886 -
982 2841 1054 2904 Haeo
1068 2855 1215 2924 corrupta

116 2940 213 3002 verba
236 2941 380 3020 leguntur
404 2938 438 3003 in
462 2936 598 3002 editione
625 2939 742 3022 optima
766 2937 912 3000 Mercari.
943 2939 1069 3020 Quanto
1089 2951 1216 3020 praestat

116 3033 212 3101 editio
235 3033 331 3098 Nonii
352 3036 431 3112 1526
446 3062 454 3097 t
471 3037 570 3098 Pueri
587 3037 618 3096 ιἰι
638 3035 710 3095 ludo
731 3036 830 3097 solent
846 3035 1009 3116 pasceolos
1022 3036 1133 3116 furari
1142 3035 1156 3097 .'
1178 3038 1215 3097 ln

113 3135 303 3200 Gotholredi
321 3137 427 3196 Auctt.
445 3135 513 3196 Lat.
526 3155 559 3216 p.
575 3134 655 3198 1859
668 3153 709 3196 ex
723 3134 852 3216 antiqua
865 3132 939 3195 edit.
957 3131 1051 3196 lectio
1067 3153 1215 3197 memora·

117 3247 189 3299 tur:
208 3234 324 3299 Pueris
337 3238 368 3292 in
381 3232 469 3293 ludos
486 3235 575 3296 tellos
589 3233 889 3316 pasceolosfitrcre‚
909 3253 948 3295 ex
966 3253 1026 3316 qua
1045 3231 1217 3296 Palmarius

115 3329 272 3414 conjecit.
264 3331 425 3390 ·Pucm's'
412 3351 444 3388 m
457 3329 527 3389 ludo
543 3329 644 3390 soleas
658 3344 688 3390 et
705 3330 836 3390 sacellos
847 3330 1134 3412 pasceolosfurari‚
1146 3330 1213 3392 scil.
1325 3403 1327 3414 Ι

115 3433 265 3503 Pausam3
282 3433 398 3513 Popma
412 3438 532 3490 autem:
546 3427 684 3486 Pueris
672 3449 704 3486 ιιι
719 3426 789 3488 lado
804 3425 917 3486 ocellos
926 3426 1090 3507 pasceolos
1095 3425 1215 3506 fitrart

117 3528 220 3592 intell.
232 3528 374 3592 Pansam.
389 3519 552 3614 [Palmeru
563 3539 775 3606 conjecturam
785 3545 861 3590 vera
870 3519 1021 3612 videtur]

500 3747 551 3808 56.
576 3763 654 3806 caro
672 3762 703 3805 ιιι
722 3761 836 3805 suncti.

160 3941 277 4003 Nonius
287 3958 319 4023 p.
331 3937 403 4014 200,
414 3938 471 4002 22:
486 3937 595 3998 Collus
606 3932 769 3998 masculini
782 3929 948 4014 generis...
960 3931 1035 3994 Cato
1046 3927 1080 3994 in
1090 3928 1215 3994 Sertis:
1275 3992 1281 3998 ,

121 4039 269 4119 Accipite,
290 4041 320 4099 sl
336 4037 441 4112 vultis,
472 4031 532 4134 doc
550 4056 625 4100 omts
642 4038 674 4098 in
689 4047 814 4097 vostros
829 4031 945 4096 collos.
965 4062 1007 4078 -·
1025 4030 1109 4094 Edit.
1138 4029 1217 4092 1526
1314 4057 1316 4062 ·

126 4139 201 4203 Cato
215 4139 332 4209 Seteia,
