2904 4840
759 356 826 424 118
1277 419 1301 476 3

246 490 375 558 totidem
391 512 476 575 posue
490 495 629 577 reperias
643 491 838 574 ingeniorum
858 506 931 576 quot
949 511 1114 578 corporum
1130 493 1258 555 formas.
1279 493 1344 556 Sed

246 589 332 654 luere
347 593 484 672 quasdam
498 612 613 674 genera
627 590 753 656 dicendi
768 590 944 658 conditione
956 606 1130 675 temporum
1143 588 1340 667 horridiora,

247 687 366 773 alioqui
387 713 530 772 magnam
548 692 614 773 jam
635 690 756 772 ingenii
777 691 841 756 rim
865 713 929 774 prae
951 713 984 756 se
1005 691 1150 757 terentia.
1176 689 1259 756 llius
1278 688 1345 755 sint

247 787 350 860 Laeltt,
364 793 524 872 Africani,
542 792 670 852 theorica
683 788 779 854 ctiam
792 791 997 872 Gracchique,
1015 811 1092 872 quos
1110 803 1145 852 tu
1161 786 1236 854 licet
1252 791 1346 876 Poly·

246 899 357 962 gnotos
379 889 430 950 vel
452 887 596 952 Callonas
622 887 771 971 appelles.
799 886 934 952 Mediam
956 885 1042 950 illam
1062 888 1194 951 formam
1217 899 1347 954 teneant

219 1022 226 1048 t
247 984 287 1047 L.
302 987 443 1057 Crassus,
460 990 502 1071 Q.
517 989 706 1052 Hortensius.
727 991 805 1054 Tum
824 986 936 1052 deinde
954 987 1127 1052 efflorescat
1141 1009 1203 1050 non
1216 989 1346 1050 multum

246 1086 331 1148 inter
353 1105 385 1148 se
406 1083 586 1150 dismntium
607 1098 748 1170 tempore
770 1101 928 1150 oratorum
947 1084 1057 1167 ingens
1076 1098 1258 1169 proventus.
1286 1082 1346 1148 llic

246 1179 311 1246 rim
330 1182 473 1254 Caesaris,
495 1182 630 1250 indolem
649 1185 755 1266 Caelii,
780 1182 984 1249 subtilitatem
1005 1185 1134 1269 Calidii,
1152 1179 1348 1263 diligentiam

247 1281 417 1354 Pollionis,
438 1283 620 1363 dignitatem
635 1281 800 1355 Messala,
819 1281 1016 1348 sanctitatem
1038 1285 1137 1355 Cahi,
1159 1281 1348 1364 gravitatem

248 1382 353 1449 Bruti,
375 1400 506 1443 acumen
519 1382 665 1458 Sulpicii,
685 1376 888 1441 acerbitatem
907 1381 1008 1440 Cassii
1026 1380 1229 1462 reperiemus.
1255 1376 1350 1442 iniis

249 1493 362 1552 autem,
380 1502 456 1562 quos
469 1479 529 1563 ipsi
542 1478 687 1555 vidimus,
704 1481 823 1564 copiam
838 1481 976 1555 Senecae,
988 1482 1071 1543 vires
1080 1483 1235 1562 Africani,
1252 1496 1351 1544 matu·

249 1575 373 1638 ritatem
384 1577 476 1657 Afii,
488 1578 712 1660 jucunditatem
725 1579 842 1658 Crispi,
858 1598 967 1644 sonum
983 1577 1141 1653 Trachali,
1161 1577 1349 1656 elegantiam

247 1676 390 1734 Secundi.

290 1773 373 1838 Plin.
386 1774 485 1858 Epist.
498 1776 603 1848 hid:
622 1777 782 1858 Frequens
796 1774 873 1838 mihi
888 1771 1058 1858 disputatio
1071 1785 1120 1837 est
1133 1792 1204 1838 cum
1217 1773 1350 1852 quodam

248 1874 338 1940 docto
351 1872 479 1938 homine
493 1889 525 1936 et
538 1871 651 1957 perito,
669 1875 720 1940 cui
735 1874 813 1940 nihil
828 1896 912 1957 aeque
925 1873 959 1937 in
974 1872 1076 1939 causis
1090 1873 1217 1954 agendis
1230 1884 1265 1934 ut
1277 1871 1348 1936 brc-

181 1971 222 2041 16
247 1969 328 2034 vitas
345 1973 458 2054 placet.
484 1973 584 2056 Quam
599 1993 656 2054 ego
672 1972 902 2038 custodiendam
925 1992 995 2036 esse
1018 1971 1180 2046 confiteor,
1202 1967 1230 2032 si
1251 1989 1347 2034 causa
1429 2029 1430 2033 ,

249 2069 421 2156 permittat.
439 2070 559 2137 Hicille
570 2096 690 2141 mecum
699 2073 937 2140 auetoritatibus
952 2071 1027 2154 agit,
1041 2094 1078 2138 ac
1090 2069 1169 2136 mihi
1179 2070 1351 2136 exGraecis

248 2169 406 2238 orationes
424 2173 531 2251 Lysia
555 2187 704 2252 ostentat,
728 2197 767 2238 ex
789 2172 905 2238 nostris
922 2172 1131 2236 Gracchorum
1152 2173 1348 2252 Catonisque,

250 2292 379 2353 quorum
401 2292 476 2334 sane
497 2271 637 2355 plurimae
656 2289 730 2338 sunt
749 2279 942 2336 circumcisae
964 2288 996 2336 et
1017 2273 1145 2335 brevess
1167 2291 1225 2351 ego
1244 2271 1351 2355 Lysiae

250 2371 507 2446 Demosthenem,
533 2374 738 2445 AEschinem,
763 2376 958 2454 Hyperidem
981 2375 1153 2454 multosque
1176 2383 1351 2455 preterea3

250 2470 403 2534 Gracchis
415 2483 448 2534 et
464 2472 572 2534 Catoni
581 2473 765 2548 Pollionem,
785 2474 954 2546 Caesarem,
975 2471 1116 2543 Coelium,
1130 2472 1164 2533 in
1175 2465 1287 2551 primis
1298 2467 1349 2532 M.

257 2567 392 2631 Tullium
402 2589 536 2651 oppono,
549 2568 638 2650 cnjus
649 2571 751 2634 oratio
762 2567 879 2652 optima
889 2569 989 2631 iertnr
1000 2589 1078 2645 esse,
1093 2587 1158 2649 quoe
1168 2561 1318 2630 maxima.

294 2669 422 2731 Servios
438 2667 574 2749 adVirg.
590 2672 744 2745 AEn.vtl,
759 2671 838 2733 2562
856 2695 872 2728 a
891 2671 979 2734 Facit
994 2681 1067 2732 ante
1080 2669 1209 2730 deorum
1222 2683 1352 2727 comme·

223 2773 226 2778 '
252 2769 473 2840 sacrationem,
497 2765 577 2834 aaut
596 2765 691 2836 etiam
711 2764 745 2830 in
765 2765 909 2832 omnibus
923 2770 1047 2832 Catonis
1064 2761 1259 2829 orationibus
1277 2759 1353 2840 legit

252 2887 362 2932 mus.»
384 2869 472 2930 ldcm
490 2870 530 2930 ad
548 2870 620 2930 AEn·
638 2869 697 2942 xl,
719 2867 799 2931 301:
816 2867 977 2948 Praestatns
991 2871 1096 2930 diros.-
1112 2867 1200 2928 More
1213 2864 1349 2944 antiquo.

253 2965 334 3030 Nam
355 2968 489 3050 majores
510 2963 825 3037 enumerationem,
850 2963 912 3030 nisi
925 2966 1078 3031 invocatis
1093 2961 1286 3036 numinibus,
1308 2959 1352 3026 in·

253 3062 429 3126 ohoabants
447 3061 527 3128 sicut
539 3076 613 3127 sunt
626 3083 736 3126 omnes
749 3061 909 3128 orationes
926 3067 1050 3128 Catonis
1068 3076 1101 3126 ct
1115 3057 1257 3126 Gracchi.
1275 3062 1351 3124 Nam

252 3160 400 3236 generale
415 3173 506 3242 caput
518 3157 554 3222 in
570 3157 712 3223 omnibus
726 3157 866 3241 legimns.
884 3164 975 3230 Unde
985 3158 1098 3229 Cicero
1113 3155 1240 3242 (Divin.
1257 3177 1286 3220 c.
1301 3155 1349 3242 ts)

255 3274 312 3336 per
326 3253 504 3319 irrisionem
516 3254 577 3318 ait:
592 3258 714 3341 Siquid
725 3279 769 3318 cx
782 3274 887 3322 vetere
900 3261 1005 3345 aliqua
1017 3264 1164 3327 oratione,
1173 3257 1283 3320 Jorcm
1295 3273 1351 3333 ego

253 3359 400 3432 apinam
415 3359 598 3418 maximnm.

298 3454 366 3519 Huc
377 3451 516 3536 pertinet
526 3455 570 3527 id,
582 3456 662 3536 qnod
672 3457 814 3522 Valerius
826 3477 945 3539 quoque
956 3457 1038 3516 Max.
1049 3455 1083 3518 in
1094 3450 1227 3531 Prologo
1238 3449 1349 3514 auen:

255 3552 364 3621 Prisci
375 3570 511 3618 oratores
523 3556 565 3614 ab
577 3557 653 3618 Jove
668 3557 791 3637 Optimo
804 3561 950 3622 Maximo
965 3555 1040 3620 hene
1054 3559 1117 3618 orsi
1129 3567 1207 3614 sunt.

299 3656 435 3718 Velleius
445 3659 473 3730 l,
489 3658 525 3748 Ι]
538 3679 546 3718 t
560 3657 668 3723 Oratio
680 3679 715 3724 ac
727 3659 776 3721 vis
786 3658 919 3721 forensis
931 3655 1166 3742 perfectumque
1180 3672 1281 3737 prosoe
1294 3650 1352 3738 elo·

254 3750 389 3832 quentiae
402 3757 510 3831 decus,
535 3768 569 3817 ut
582 3753 666 3820 idem
679 3769 841 3840 separetur
854 3755 936 3816 Cato
949 3751 960 3836 (
967 3773 1044 3836 pace
1062 3755 1102 3816 P.
1119 3754 1224 3818 Crassi
1239 3745 1352 3828 Scipio·

257 3855 366 3933 nisque
377 3870 410 3919 et
418 3842 512 3922 La'elti
521 3872 554 3921 et
567 3855 777 3918 Gracchorum
787 3867 820 3920 et
828 3856 943 3916 Fannii
951 3866 984 3917 et
994 3854 1066 3916 Ser.
1078 3854 1188 3918 Galba
1197 3847 1350 3929 dixerim),

258 3948 302 4016 ita
316 3953 460 4018 universe
478 3954 534 4016 sub
549 3951 691 4034 principe
710 3953 814 4033 operis
836 3948 883 4014 sui
906 3946 1010 4031 erupit
1024 3950 1139 4021 Tattto,
1155 3960 1190 4011 ut
1203 3939 1353 4018 delectari

260 4058 331 4118 ante
344 4075 415 4118 cum
428 4049 633 4135 paucissimis,
652 4048 764 4114 mirari
779 4071 857 4118 vero
872 4052 1030 4116 neminem
1046 4053 1155 4134 possis,
1173 4045 1234 4112 nisi
1248 4060 1304 4112 aut
1317 4043 1352 4108 ab

150 4206 156 4212 ,
259 4148 313 4214 illo
324 4152 435 4225 visum,
449 4165 502 4218 aut
513 4148 566 4232 qui
576 4148 663 4213 illum
674 4146 799 4214 viderit.
