2934 4846
642 309 684 382 ll

4 459 5 482 ³
122 442 235 506 sulatus
257 445 304 506 sui
328 443 456 508 consilia
476 462 532 528 pro
554 445 702 518 concione
723 446 911 528 exposuerit,
935 447 1032 530 ipsum
1053 452 1206 518 dicentem

4 539 5 578 ³
121 538 197 601 facit
207 539 274 604 Cic.
288 545 335 604 De
350 555 431 604 oret.
451 545 494 615 ll,
510 543 560 604 11.
586 545 632 604 Ex
646 544 705 604 hoc
719 543 787 608 loeo
808 559 926 606 errasse
946 546 1085 624 Pighium
1102 551 1208 614 renisi·

121 635 194 700 mile
208 637 257 714 fit,
269 637 322 720 qui
338 639 511 702 consulibus
521 637 656 702 Antonio
672 641 882 712 Macedoniam
912 641 1070 706 Postumio
1089 647 1208 711 ltaliam

121 734 266 813 obtigisse
288 737 417 800 censuit.
443 738 511 799 Non
531 737 682 800 fefellerat
701 758 771 800 eum
791 740 875 802 locus
894 739 1134 817 Ciceronianus,
1158 749 1210 808 sed

121 831 245 906 callide,
264 833 400 899 habitam
420 837 586 898 testimonii
600 838 668 900 loco
682 835 854 902 orationem
874 841 913 902 tle
931 831 1093 904 ‘consutam
1114 844 1211 905 intar-

120 944 275 1012 pretatur,
295 947 458 1016 antequam
471 935 505 996 in
521 935 714 1015 provinciam
727 935 840 997 abiret.
864 936 924 998 Sed
945 943 1097 1019 quemme
1119 941 1213 1004 totius

118 1036 294 1098 consulatus
308 1034 439 1100 consilia
453 1054 625 1115 exponere,
642 1035 794 1114 quomodo
815 1039 1029 1100 auctoritatem
1050 1046 1089 1104 ad
1110 1043 1211 1125 repri-

119 1138 245 1200 mendos
254 1135 420 1200 seditionis
427 1133 578 1215 igniculos
588 1134 736 1196 adhibere
746 1135 857 1217 potuit,
868 1137 926 1198 nisi
939 1141 1051 1200 mansit
1060 1144 1093 1203 in
1102 1146 1213 1208 ltalia?

118 1235 227 1315 Neque
243 1249 312 1298 erat
323 1254 360 1296 eo
372 1249 523 1316 tempore,
539 1253 596 1296 cur
606 1235 639 1294 in
652 1231 875 1308 Macedoniam,
893 1233 980 1316 quasi
997 1239 1036 1298 ad
1047 1257 1141 1316 grave
1151 1242 1213 1303 bel.

117 1331 196 1404 lum,
207 1333 316 1394 consul
328 1351 364 1393 eo
374 1327 561 1413 potissimum
573 1327 710 1392 civitatis
720 1342 802 1391 statu
813 1331 997 1396 mitteretur.

162 1429 259 1489 Movit
270 1429 421 1508 Pigbium,
437 1429 517 1509 quod
530 1425 689 1488 seditiosus
705 1427 795 1488 bonno
811 1428 847 1491 C.
875 1430 1039 1494 Norbanus
1056 1432 1095 1494 ab
1115 1435 1209 1498 Anto·

118 1525 183 1598 nio,
202 1545 254 1606 ap.
271 1525 339 1590 Cic.
358 1527 503 1588 Deerat.
522 1526 564 1595 ll,
581 1523 633 1599 48,
652 1523 712 1585 sibi
729 1536 859 1604 quaestor
873 1526 991 1590 additus
1008 1529 1132 1592 dicitur.
1149 1532 1209 1595 Sed

119 1643 189 1686 cum
197 1624 337 1706 praesidio
346 1623 386 1686 ab
396 1624 474 1686 urbe
482 1623 594 1686 abiisse
602 1622 770 1704 paulisper,
779 1621 889 1685 Cicero
899 1628 1077 1688 notansPro
1084 1629 1206 1692 Cluent.

120 1743 150 1784 e.
165 1723 216 1795 50,
232 1727 294 1788 Pro
309 1723 421 1787 Rabir.
442 1724 533 1785 Perd.
553 1740 581 1784 c.
599 1723 633 1792 9,
650 1721 723 1783 coll.
739 1723 768 1797 1,
786 1742 909 1784 causam
921 1723 1011 1786 simul
1026 1729 1137 1807 aperit,
1155 1749 1211 1791 cur

120 1839 298 1906 quaestorem
308 1825 462 1890 habuerit.
480 1827 558 1886 Nem
572 1824 626 1905 qui
636 1823 758 1886 ltaliam
772 1845 840 1886 eum
855 1825 996 1908 imperio,
1007 1831 1153 1890 tumultus
1162 1833 1212 1892 vel

120 1927 278 1990 seditionis
287 1929 337 1990 vel
348 1926 521 2009 questionis
532 1945 635 2000 causa,
646 1925 841 2009 provinciam
853 1927 1021 2004 habebant,
1032 1945 1212 2011 quaestorem

119 2045 224 2090 secum
236 2023 353 2088 habere
366 2032 491 2090 necesse
500 2024 569 2085 furit.
585 2025 755 2086 Censuram
765 2025 859 2102 gessit
873 2027 914 2085 Μ.
927 2029 1080 2090 Antonius
1094 2048 1163 2091 curn
1175 2031 1209 2092 L.

119 2127 245 2188 Valerio
256 2130 367 2190 Flacco
382 2149 412 2190 a.
428 2126 501 2190 656.
511 2126 588 2189 Cum
600 2127 641 2186 Μ.
659 2126 842 2198 Duronium,
860 2129 1056 2209 sumptuarias
1069 2131 1147 2210 legis
1158 2132 1213 2192 tol-

120 2226 218 2291 lendae
230 2227 263 2289 in
277 2229 437 2290 tribunatu
450 2237 619 2298 auctorem,
635 2236 744 2288 senatu
761 2228 1034 2304 movisset,.media
1050 2230 1090 2292 ab
1106 2234 1213 2293 eodem

121 2315 251 2392 censura
261 2351 331 2393 reus
344 2333 382 2394 de
396 2330 513 2392 ambitu
528 2331 627 2390 fastris
640 2341 696 2390 est.
714 2323 833 2390 Falsum
847 2344 893 2392 est
903 2343 1017 2406 autem,
1032 2335 1112 2413 quod
1122 2333 1211 2412 Pigh.

120 2447 151 2508 p.
168 2428 226 2491 189
236 2430 317 2491 banc
327 2428 459 2512 ambitus
470 2447 594 2489 cansam
603 2427 717 2488 dictam
729 2446 791 2488 non
804 2445 868 2489 esse
878 2431 985 2490 tradit.
997 2429 1123 2491 Diserte
1131 2431 1214 2492 enirn

120 2523 158 2588 C.
172 2524 262 2586 Goelii
275 2525 309 2588 in
323 2544 360 2586 ea
374 2524 581 2587 testimonium
595 2523 719 2584 exhibet
734 2523 886 2584 Antonius
904 2543 954 2605 ap.
974 2523 1042 2586 Cic.
1066 2527 1113 2614 De
1131 2542 1212 2588 orat.

121 2627 164 2700 11,
180 2627 231 2688 67.
251 2625 310 2688 Sed
323 2627 499 2707 plenissime
513 2625 696 2698 absolutum,
713 2625 792 2704 quod
811 2643 902 2686 nemo
920 2625 954 2684 in
972 2624 1039 2685 loro
1053 2625 1216 2703 gratiosior

120 2737 201 2799 erat,
217 2723 358 2806 quamvis
372 2727 456 2787 nullo
469 2723 653 2798 affirmante,
667 2721 760 2786 facile
775 2721 943 2784 credimus.
959 2724 1036 2785 Nam
1048 2726 1216 2790 Antonium

122 2847 139 2888 a
151 2824 400 2908 periclitantibus
410 2824 542 2888 maxime
553 2823 723 2908 expetitum
734 2822 825 2887 fuisse
834 2821 901 2887 Cic.
916 2827 1004 2887 Brut.
1018 2845 1047 2886 c.
1060 2828 1113 2901 57,
1124 2830 1215 2891 adno-

120 2920 217 2997 tavit,
237 2944 335 3004 neque
347 2920 536 2987 fastidiosam
549 2921 589 2984 in
608 2919 801 3003 recipiendo,
824 2919 963 3002 quamvis
982 2924 1020 2984 de
1038 2922 1110 3004 jure
1128 2924 1215 2988 ciuili

122 3022 202 3086 nibil
215 3024 376 3087 admodum
396 3021 502 3086 sciret.
529 3025 590 3087 Sed
610 3019 713 3084 tenuis
730 3041 893 3096 pausarum
915 3023 1122 3104 privatarum.
1142 3048 1216 3108 quas

121 3125 237 3203 egerit,
258 3125 407 3190 memoria
426 3139 605 3208 superest...
627 3117 679 3212 [V.
701 3125 742 3185 fr.
764 3143 798 3206 p.
823 3123 987 3214 139·146.]

154 3222 245 3284 ¹37...
268 3223 353 3285 Bello
372 3223 481 3286 ltalico
505 3219 659 3284 Antonius
674 3221 712 3282 ab
727 3221 804 3282 urbe
824 3223 910 3292 afuit,
939 3241 1008 3282 cum
1033 3225 1083 3286 vel
1098 3226 1215 3304 legatus

121 3332 201 3381 esset
215 3319 267 3382 vel
283 3321 380 3382 ltaliae
398 3332 519 3403 partem
533 3319 677 3379 tuendam
693 3321 873 3404 accepisset,
889 3331 923 3378 ut
942 3338 1047 3382 ornnes
1070 3321 1167 3383 ferme
1180 3342 1216 3382 ea

121 3431 302 3501 tempestate
323 3421 417 3483 rebus
435 3417 530 3500 gestis
542 3419 679 3498 insignes
704 3417 781 3501 (cic.
811 3421 898 3480 Brut.
921 3438 949 3481 c.
973 3421 1037 3508 89).
1057 3419 1102 3482 De
1117 3431 1216 3482 morte

121 3519 254 3584 Antonii
268 3543 308 3586 ne
324 3543 390 3604 quae
407 3536 479 3586 nota
493 3532 577 3596 sunt,
593 3538 792 3601 exportamus,
809 3533 950 3584 auctores
963 3520 1133 3584 excitemus
1147 3521 1214 3586 Cic.

121 3619 265 3682 Deerat.
280 3622 341 3694 tlt,
360 3621 392 3694 3,
410 3620 465 3695 70,
487 3620 575 3680 Brut.
592 3637 621 3680 c.
635 3619 691 3696 893
708 3618 818 3680 Vellei.
831 3620 873 3695 ll,
888 3618 944 3692 223
958 3619 1063 3682 Valer.
1078 3619 1159 3680 Max.
1173 3620 1215 3689 ll,

53 3731 56 3738 '
123 3720 204 3796 9,5;
221 3721 308 3795 Vnt,
324 3719 404 3793 a,2;
421 3721 478 3794 tx,
492 3719 523 3793 2,
539 3717 575 3791 23
593 3713 662 3777 tiv.
675 3714 756 3799 ttpit.
772 3719 896 3793 LXXX,
909 3717 1108 3780 Plutarchum
1120 3721 1217 3780 Mario
1316 3763 1322 3774 .
1421 3765 1426 3779 .

122 3838 151 3880 c.
173 3817 232 3895 443
249 3813 386 3900 Appian.
400 3818 478 3879 Bell.
492 3813 563 3879 Cir.
579 3815 605 3888 1,
620 3813 672 3875 tt.

53 3935 64 3954 ⁸
164 3917 282 3980 Praeter
299 3917 419 3993 Crassi,
440 3914 541 3980 Catuli
562 3915 738 3997 utriusque,
760 3913 893 3996 Caiique
907 3913 1037 3978 Caesaris
1057 3913 1219 3978 Strabonis

44 4071 48 4082 ,
122 4015 365 4084 familiaritatem
376 4039 447 4098 cum
458 4016 600 4082 omnibus
609 4016 707 4080 ferme
720 4015 841 4098 magnis
852 4016 938 4092 viris,
951 4019 1003 4100 qui
1017 4029 1091 4078 tune
1103 4027 1217 4084 essent,

4 4127 5 4130 ’
122 4131 231 4182 mutua
241 4119 458 4185 benevolentia
469 4117 593 4201 junctus
606 4117 698 4183 fuisse
712 4117 845 4180 videtur.
872 4119 977 4196 Neque
998 4111 1120 4186 causam
1136 4110 1218 4212 vide·
