2904 4840
645 242 708 313 119

165 373 330 438 Diomedes
349 377 399 446 ll,
423 395 454 457 p.
476 373 557 438 468:
580 376 641 440 «si
662 377 833 462 penultimo
853 379 947 444 hmrit
968 386 1146 474 tribrachys
1167 395 1218 455 vel

123 475 323 560 pyrrhichius
344 488 377 538 et
396 497 535 560 paeonum
555 477 740 543 successerit
755 479 875 563 primus
894 496 925 546 ct
946 483 1139 564 novissimus,
1155 492 1218 555 erit

123 577 250 657 antiqua
264 587 430 650 structura,
450 595 515 654 quae
529 577 644 637 dicitur
659 579 856 657 confragosa:
870 600 930 660 qua
948 600 1020 643 usus
1036 597 1083 646 est
1098 587 1210 650 Cato.»

168 670 269 762 [Adde
278 670 413 736 Bolhuis.
425 693 456 754 p.
468 674 508 735 to
518 667 603 758 sqq]

464 851 492 911 1.
516 869 629 912 enarro
642 873 680 913 ns
696 872 770 914 secu
784 872 887 914 orma.

163 999 1217 1088 HancorationemCatohabuitconsulannohiss.LiviusXXXlV‚l:

127 1101 238 1162 «luter
250 1101 404 1163 bellorum
418 1117 601 1177 magnorum
613 1113 666 1161 aut
678 1096 803 1162 vixdum
815 1099 974 1168 finitorum
990 1120 1043 1167 aut
1056 1107 1219 1174 imminen-

9 1211 11 1278 Ι
117 1202 198 1263 tium
208 1221 301 1265 curas
310 1198 490 1262 intercessit
501 1220 552 1262 res
560 1220 659 1282 parva
669 1203 766 1276 dictu,
775 1205 828 1266 sed
839 1225 904 1285 quae
913 1204 1022 1269 studiis
1031 1207 1066 1271 in
1076 1231 1218 1292 magnum

9 1279 11 1354 l
118 1318 282 1365 certamen
294 1302 474 1365 excesserit.
488 1303 530 1361 M.
540 1299 719 1366 Fundanius
734 1318 767 1366 et
780 1308 815 1367 L.
826 1308 968 1370 Valerius
982 1307 1102 1374 tribuni
1116 1313 1219 1397 plebei

9 1431 10 1438 ι
117 1401 162 1462 ad
180 1400 302 1482 plebem
323 1399 460 1486 tulerunt
482 1399 521 1459 de
541 1397 642 1481 Oppia
664 1401 731 1481 lege
750 1401 942 1482 abroganda.
958 1407 1086 1473 Tolerat
1099 1431 1166 1473 eam
1180 1411 1216 1476 (l.

117 1495 240 1580 Oppius
251 1497 392 1559 tribunus
400 1494 500 1579 plebis
507 1497 548 1580 Q.
562 1497 659 1560 Fabio
669 1498 760 1583 (Ill),
772 1501 820 1562 Ti.
833 1503 1017 1584 Sempronio
1025 1507 1111 1570 Coss.
1125 1517 1219 1588 (anno

9 1633 14 1638 =·
116 1592 157 1662 U.
172 1595 246 1678 538)
262 1593 295 1657 ln
309 1595 408 1657 medio
422 1595 535 1658 ardore
549 1593 659 1656 Punici
670 1593 758 1666 belli,
771 1617 810 1656 ne
823 1621 881 1682 qua
896 1601 1004 1661 mulier
1015 1605 1084 1681 plus
1098 1627 1218 1667 semun-

116 1701 202 1756 ciam
227 1701 298 1755 aurt'
323 1693 466 1765 haberet,
495 1715 555 1755 neu
575 1699 755 1756 vestimento
780 1699 963 1758 versicolori
990 1717 1135 1778 uteretur,
1161 1729 1219 1767 neu

113 1788 220 1874 juncto
240 1791 380 1852 vehiculo
402 1796 434 1851 ιἰι
454 1792 528 1853 urbe
546 1793 690 1871 oppidove
710 1807 762 1850 aut
779 1798 908 1871 propius
928 1798 999 1856 iude
1012 1799 1098 1858 mille
1109 1821 1220 1878 passus

118 1896 182 1953 nisi
200 1911 361 1953 sacrorum
378 1890 570 1970 publicorum
585 1911 677 1949 causa
690 1889 861 1954 ueheretur.
878 1919 892 1948 ι
915 1896 958 1957 Μ,
977 1895 1066 1969 Caro,
1090 1897 1143 1980 qui
1163 1919 1220 1981 per

117 2001 216 2052 totam
229 1983 327 2052 vitam
341 1983 534 2072 parcimonia
554 2000 586 2050 et
606 1991 774 2049 severitate
790 2009 911 2052 morum
926 1995 1148 2075 rempublicam
1168 2017 1218 2060 su·

118 2085 245 2163 stinuit,
262 2087 417 2170 precipue
431 2097 539 2148 auctor
553 2080 626 2158 fuit,
651 2105 691 2146 ne
712 2105 750 2146 ca
769 2085 820 2148 lex
842 2087 1030 2152 aboleretur.
1055 2093 1220 2159 Placuerat

119 2187 277 2271 quondam
291 2185 392 2269 Oppia
406 2187 474 2258 lex,
497 2185 687 2267 temporibus
701 2185 782 2268 reip.
797 2186 829 2247 id
844 2189 1088 2269 postulantibus,
1106 2207 1140 2255 ut
1154 2215 1219 2257 mu·
1248 2184 1286 2262 ll

117 2287 215 2354 lieres
228 2291 262 2352 iu
281 2285 386 2372 iuopia
405 2298 438 2350 ct
458 2283 587 2348 miseria
607 2284 746 2361 civitatis
765 2291 914 2370 pecunias
933 2289 1083 2373 privatas,
1103 2313 1169 2376 quae
1185 2299 1219 2359 in

117 2389 278 2477 publicum
288 2411 374 2452 usum
385 2384 468 2452 verti
480 2389 646 2461 debebant,
660 2408 722 2449 non
738 2382 772 2448 in
783 2403 886 2452 vestes
903 2405 936 2453 et
949 2393 1105 2456 luxuriam
1116 2397 1214 2459 effun-

119 2495 243 2555 derent.
257 2488 487 2554 Remittebatur
500 2501 607 2570 postea
620 2499 712 2568 atque
726 2487 936 2566 abrogabatur
950 2491 1015 2568 lex,
1032 2491 1104 2572 quia
1118 2497 1217 2557 Roma

119 2584 297 2650 Hannibale
316 2583 400 2650 victo
416 2583 457 2670 (a.
472 2585 546 2672 552)
564 2581 683 2646 divitiis
703 2583 881 2646 abundabat
899 2585 1215 2666 Carthaginiensium.

119 2688 271 2752 Catonem
283 2686 426 2750 vicerunt
438 2699 598 2748 matronae.

162 2790 265 2872 lpsam
286 2787 409 2871 quidem
430 2785 604 2851 orationem
625 2807 687 2850 non
708 2784 873 2858 habemus,
898 2801 996 2868 neque
1016 2785 1096 2850 ullus
1117 2809 1217 2870 gram·
1305 2793 1306 2798 ’

120 2887 249 2950 maticus
265 2887 470 2966 fragmentum
490 2886 556 2969 ejus
575 2895 748 2947 memorat:
772 2895 859 2944 errat
873 2879 957 2943 enim
972 2883 1128 2965 Sigonius,
1146 2909 1217 2951 cum

122 2987 161 3050 ad
175 2986 296 3048 Livium
307 2983 452 3060 xxxiv,
467 2984 538 3060 1,r,
556 2980 653 3046 dicit:
674 2981 755 3041 citat
763 2978 946 3041 Priscianus
960 2979 1038 3042 hunc
1051 2990 1218 3046 oratIonem

121 3104 191 3142 cum
204 3082 261 3144 hoc
275 3083 395 3142 indica:
413 3081 486 3141 Coeo
501 3085 533 3140 in
546 3087 705 3142 oratione:
723 3078 768 3138 Ne
780 3078 834 3136 lex
849 3077 1149 3161 Oppiagabrogetur:
1164 3085 1219 3146 sed
1320 3087 1327 3104 “

121 3181 228 3248 Livius
248 3179 509 3264 elegantissimam
529 3179 702 3245 orationem
724 3176 780 3240 lib.
797 3177 938 3254 XXXIV,
957 3180 988 3256 2,
1009 3181 1039 3257 3,
1056 3181 1088 3258 l,
1105 3182 1218 3247 Catoni

120 3284 243 3361 tribuit,
259 3284 294 3351 in
313 3308 374 3370 qua
392 3297 530 3348 mentem
550 3299 641 3366 atque
656 3301 780 3346 sensum
794 3278 934 3355 Catonis,
951 3284 1049 3347 verba
1068 3297 1171 3348 autem
1185 3299 1217 3347 et

9 3389 11 3466 ξ
119 3385 258 3446 colorem
271 3379 354 3448 Livii
370 3404 437 3446 esse
452 3397 537 3468 puto.
554 3379 633 3445 Vide
647 3382 786 3443 adnotat.
803 3380 842 3440 ad
855 3376 996 3441 Africani
1010 3379 1137 3464 majoris
1150 3403 1218 3444 ora·

117 3481 246 3556 tionem,
263 3502 294 3564 p.
307 3485 338 3544 Ι.
357 3475 471 3568 [Recte
490 3480 549 3541 huc
570 3475 679 3540 retulit
692 3473 758 3558 ipse
774 3477 919 3560 Meyerus
932 3477 1072 3539 Athenaei
1093 3493 1126 3539 et
1146 3478 1216 3540 Plu·

120 3579 225 3644 tarchi
248 3583 346 3654 locos,
370 3583 453 3645 inira
478 3602 510 3666 p.
530 3581 567 3664 91
593 3581 776 3660 exscriptos.
803 3573 925 3660 Quibus
949 3576 1129 3660 subjicimus
1152 3581 1217 3646 haec

120 3680 280 3759 Bolhuisii‚
296 3704 328 3766 p.
344 3683 422 3744 1562
439 3709 454 3739 a
472 3683 609 3744 Zonaras
623 3683 710 3758 Anu.
720 3681 776 3752 IX,
792 3681 841 3754 ll,
862 3699 1001 3741 servasse
1023 3702 1060 3744 ea
1079 3682 1216 3760 videtur,

120 3797 186 3860 quae
199 3778 235 3843 in
247 3777 447 3844 conclusione
458 3775 609 3843 orationis
622 3775 702 3840 dixit
713 3776 789 3840 Cato
808 3791 1013 3862 ιιισμιίιιωσιν
1033 3791 1071 3849 οὖν
1087 3797 1113 3849 at
1134 3801 1216 3870 γυναῖ-

122 3891 170 3940 κις,
189 3877 249 3948 μήτι
272 3883 367 3948 χρυσῷ,
389 3876 449 3947 μήτε
462 3875 544 3940 λίθοις,
564 3876 651 3932 virtuts
671 3874 776 3946 ἀνθηροῖς
790 3873 832 3927 >tal
847 3875 982 3948 ἀμοργῖνοις
997 3879 1131 3951 ἐσθήμαοιν,
1153 3882 1215 3933 ἀλλὰ

117 3973 266 4042 campanica,
281 3968 420 4043 etmrtptp,
435 3970 580 4043 φιλοτιιονίοι,
602 3971 688 4036 carisi,
705 3969 850 4042 perquiram,
865 3973 913 4031 τοῖς
927 3971 1005 4043 νόμοις
1022 3977 1069 4034 τοῖς
1083 3977 1214 4045 κειμένοις,

119 4084 167 4141 τοῖς
181 4081 260 4141 ὅπλοις
272 4087 320 4144 τοῖς
332 4085 465 4156 ἡμετέροις,
478 4087 529 4144 τοῖς
543 4082 627 4149 rixata,
641 4086 688 4142 τοῖς
701 4081 832 4154 τροπαίοις.
844 4072 916 4154 QUO
924 4073 1021 4155 tnagis
1030 4075 1096 4138 ltoec
1105 4093 1218 4139 reuera
