2916 4838
598 383 663 454 241

121 535 209 582 eontra
236 531 359 594 Quintum
382 525 544 594 Capt'onem]
567 539 623 574 eam
649 537 754 572 causam
780 517 847 570 dixit
872 535 942 570 auno
963 518 1042 572 Urbis
1069 521 1130 572 662.

129 699 241 763 Cicero
258 689 347 761 Orat.
369 714 401 775 p.
418 691 534 756 Scauro
550 711 581 774 p.
602 689 658 753 tat
676 690 725 752 ed.
743 687 845 752 Beier.
862 694 904 771 (p.
920 687 956 758 21
974 689 1024 751 cd.
1040 689 1183 774 Orell.)s

89 801 220 861 Scaurus
231 811 321 875 puter
334 813 401 854 reus
414 809 460 853 est
461 795 568 873 fhctus
580 814 600 849 a
615 793 655 873 Q.
667 792 793 854 Servilio
812 791 957 872 Caepione
970 791 1037 872 lege
1047 789 1188 852 Sentias

92 895 156 966 Ubi
170 888 342 957 Asconius:
359 915 374 947 c
393 889 432 972 Q.
450 885 609 961 Servilius,
626 885 738 972 inquit,
763 883 866 970 Caepio
884 887 1037 952 Scaurum
1052 887 1091 952 ob
1106 887 1188 970 lega·

91 993 187 1057 tionis
205 987 349 1052 Asiaticae
373 987 521 1076 invidiam
542 999 574 1050 et
587 987 733 1048 adversus
754 988 837 1066 leges
854 986 1056 1070 pecuniarum
1079 999 1189 1072 capta-

88 1091 262 1159 rum·reum
272 1089 345 1153 lecit
355 1077 596 1171 repetundarum
610 1089 689 1166 lege,
705 1107 797 1169 quam
809 1087 879 1148 tulit
887 1081 1034 1160 Servilius
1043 1089 1192 1154 Glaucia.

85 1197 227 1262 ¹Scaurus
239 1186 327 1254 tanta
336 1187 394 1251 luit
408 1189 601 1252 continentia
625 1186 720 1250 animi
735 1203 767 1251 et
780 1187 1010 1270 magnitudine,
1029 1202 1063 1249 ut
1077 1189 1192 1272 capio-

94 1311 165 1356 nem
181 1289 294 1352 'contra
307 1305 396 1350 reum
413 1285 560 1348 detulerit
573 1297 605 1348 et
615 1285 762 1349 breuiore
777 1285 827 1347 die
841 1279 1052 1366 inquisitionis
1063 1297 1194 1366 accepta

99 1384 250 1456 effecerit,
265 1399 299 1448 ut
309 1385 361 1448 ille
369 1383 456 1467 prior
470 1401 595 1445 causam
606 1381 736 1460 diceret,
752 1387 795 1447 Μ.
809 1401 929 1465 quoque
937 1383 1085 1459 Drusum,
1096 1381 1195 1446 tribu·

96 1505 170 1550 num
186 1484 297 1569 plebis,
314 1484 493 1547 cohortatus
513 1483 566 1556 sit,
582 1496 616 1543 ut
624 1480 744 1568 judicia
759 1494 975 1547 commutaret.
988 1510 1002 1539 υ
1012 1481 1143 1544 -lbid
1159 1502 1193 1566 p.

100 1588 160 1652 132
173 1610 182 1649 ε
197 1586 250 1648 At
266 1587 374 1647 eodem
400 1585 440 1666 Q.
462 1584 605 1665 Ccept'one
623 1571 718 1644 etiarn
742 1585 808 1665 lege
832 1581 868 1645 V
864 1589 930 1644 aria
948 1600 1048 1646 custos
1062 1583 1114 1644 tlte
1135 1588 1197 1646 rei·

96 1689 231 1769 publicae
246 1689 427 1768 proditionis
446 1690 537 1745 estin
552 1689 671 1745 crimen
681 1700 829 1746 vocatuss
853 1700 1014 1746 vexatura
1039 1687 1079 1767 Q
1097 1685 1196 1751 Vario

100 1789 223 1852 tribuno
232 1785 331 1866 plebis
344 1799 464 1845 estnon
472 1785 565 1844 multo
573 1799 654 1852 ante.

134 1963 165 2015 ob
177 1959 313 2034 legatsbnt's
328 1958 471 2028 Astutt'eoe]
490 1962 639 2030 Antequam
655 1962 786 2032 erupisset
802 1959 905 2014 bellum
921 1961 1139 2026 Mithridaticum,
1156 1963 1199 2014 in·

174 2046 295 2098 tercessit
314 2042 415 2115 populo
433 2043 551 2096 Romano
573 2042 694 2097 simultas
715 2063 776 2097 cnm
795 2043 962 2115 Mithridates,
981 2057 1108 2116 erantque
1120 2044 1199 2101 eadm

172 2131 202 2183 in
210 2129 301 2188 Asiam
316 2125 348 2179 ad
364 2143 445 2199 regua
456 2127 628 2200 Cappadociae
642 2139 670 2181 et
681 2127 813 2200 Bithynice
823 2126 967 2200 legationes
979 2128 1074 2194 missa,
1089 2147 1201 2200 quarum

174 2211 289 2282 aliquam
302 2208 376 2264 obire
387 2210 480 2282 potuit.
489 2210 615 2264 Sccunm.
630 2211 664 2264 V.
674 2210 838 2284 wesseling.
863 2210 1051 2285 Observattsp.
1065 2213 1099 2267 36
1109 2245 1143 2255 -
1153 2209 1199 2266 40.

139 2383 172 2436 ab
183 2381 266 2434 eodem
283 2379 317 2445 O·
332 2380 465 2450 Captum]
484 2397 554 2431 anno
568 2381 618 2432 669
633 2379 688 2445 [sic
704 2379 840 2446 Ellendt]
854 2378 897 2431 rel
911 2382 962 2434 663
975 2399 1030 2434 non
1043 2382 1128 2437 multo
1141 2395 1203 2454 post

115 2487 117 2496 ⁴
175 2465 372 2518 accusationem
382 2462 474 2516 Scauri
488 2480 536 2534 per
553 2461 664 2514 Varium
677 2461 776 2514 statua
792 2473 949 2532 susceptam.
962 2463 994 2515 ln
1007 2463 1099 2517 οοᾶειιι
1113 2478 1201 2520 autem

135 2594 148 2616 ι,
177 2570 248 2612 annu
256 2553 292 2620 Q.
306 2551 396 2622 captu
407 2549 437 2602 in
450 2547 523 2603 bello
532 2547 657 2601 aduersus
669 2548 754 2602 socios
766 2547 885 2602 caeditur.

182 2793 212 2855 2.
226 2799 272 2853 Μ.
285 2810 414 2852 SCAURUS
429 2810 469 2851 De
484 2808 617 2853 secunus
632 2808 814 2852 manuducta
825 2807 942 2856 CONTRA
956 2812 989 2853 tt.
1003 2813 1135 2856 tactust.
1237 2789 1302 2864 129

155 3029 279 3102 Charis.
293 3035 321 3107 1,
336 3054 369 3117 p.
385 3033 463 3096 103:
479 3033 521 3094 M.
535 3033 670 3096 Scaurus
688 3032 727 3093 de
747 3029 889 3115 pecuniis
907 3037 1086 3115 repetundis
1100 3051 1210 3104 eontra

112 3134 157 3198 dl.
168 3133 317 3195 Brutumz
328 3128 479 3212 Praefecti
482 3127 626 3210 fabrum.

158 3229 244 3290 ldem
255 3225 351 3288 habet
360 3224 500 3287 Diomed.
513 3226 541 3299 1,
554 3244 585 3305 p.
600 3225 672 3288 398.

152 3405 198 3458 M.
209 3401 332 3470 Brutum]
349 3401 392 3454 Bis
404 3418 466 3472 ergo
475 3411 613 3454 accusatus
625 3412 666 3454 est
674 3400 790 3454 Scaurus
800 3401 1015 3472 repetundarum,
1026 3410 1082 3476 aQ.
1090 3407 1215 3479 Cepione

188 3499 216 3540 et
224 3489 261 3540 Μ.
271 3489 363 3543 Bruto.
377 3487 417 3539 De
425 3489 459 3556 Q.
470 3483 593 3558 Caepione
605 3503 666 3538 mox
677 3485 805 3551 dicemus,
815 3487 862 3559 qui
870 3487 972 3569 duplici
981 3491 1084 3544 actione
1093 3505 1149 3546 tum
1158 3492 1217 3568 loga

86 3611 93 3620 .
189 3573 310 3640 Servilia,
318 3589 375 3628 tum
383 3571 442 3646 lege
449 3573 528 3627 Varia
537 3573 634 3636 Scauro
642 3573 712 3626 diem
720 3566 796 3627 dixit.¹
809 3575 846 3628 Μ.
856 3575 955 3630 Brutus
964 3579 1045 3644 isest,
1057 3580 1103 3650 qui
1109 3595 1216 3654 propter

190 3655 289 3711 multas
303 3657 483 3711 accusationes
493 3657 637 3710 Accusator
648 3657 848 3730 cognominatus
857 3670 900 3711 est
908 3659 976 3730 (Cic.
986 3663 1024 3714 Do
1032 3660 1103 3715 offic.
1113 3663 1148 3730 ll,
1161 3666 1216 3738 ll),

180 3745 183 3752 '
192 3756 220 3798 et
225 3737 308 3814 cuijus
317 3743 448 3798 annonas
456 3743 527 3797 infra
536 3743 782 3798 memorabimus-
791 3741 917 3812 Futurum,
926 3765 975 3818 pro
984 3747 1128 3804 fabrorum.

127 3895 135 3986 [
165 3909 289 3974 Charis.
301 3909 345 3982 ll,
357 3909 1064 3997 p.tat:u1.soaururdepecuniisrepemndis=
1078 3921 1221 3986 mem:

124 4012 243 4070 tumita
252 4008 390 4090 officiose
399 4023 488 4092 atquc
498 4010 691 4076 observanter
701 4027 876 4100 tractavere.
1076 4042 1081 4055 ·

167 4105 279 4188 Cicero
292 4106 355 4167 Pro
370 4107 500 4176 Fonteio
516 4127 546 4168 c.
557 4107 615 4170 13:
640 4109 683 4170 M.
703 4109 860 4174 AEmilium
878 4114 1045 4190 Scaurum,
1070 4137 1219 4182 summum

128 4216 238 4268 nostrae
253 4197 390 4270 civitatis
401 4205 515 4280 virum,
531 4202 644 4270 scimus
657 4221 834 4274 accusatum
848 4207 919 4274 all.
933 4214 1040 4278 Bruto.

1028 4327 1059 4384 31
