2954 4840
751 340 823 416 368

135 483 207 555 250
276 479 357 544 thiu.
371 481 424 554 tv,
443 485 479 545 92
493 478 626 544 Deieutli
634 477 757 538 dulium
771 477 918 550 Bcsmm,
935 497 973 540 cx
986 475 1136 562 Bithyni
1149 477 1335 560 repemina·

232 597 301 640 rum
314 597 414 642 reum.
427 613 467 624 ——
477 581 524 640 Ac
535 577 569 640 iu
580 574 643 640 line
658 575 750 660 liujus
759 572 898 660 epistole
911 576 1042 656 legimus
1057 601 1065 637 s
1082 601 1097 632 ι
1108 574 1248 638 Habebis
1255 575 1337 640 huuc

229 675 358 738 interim
382 676 543 759 epistolem
568 687 603 737 ot
630 686 782 762 πρόδρομον,
806 674 1002 758 exspectabis
1016 673 1190 739 orationem
1213 673 1337 758 plenem

231 787 443 858 onustumque,
460 789 492 838 et
514 776 707 862 exspectabis
720 776 788 850 diu;
805 772 1006 860 nequeenim
1022 775 1189 840 levitcret
1207 770 1335 852 cursim,

234 888 268 937 ut
282 877 320 940 de
334 898 370 942 re
384 891 481 953 muto,
495 879 696 942 retractanda
711 892 769 942 eet.
792 905 807 942 n

268 1039 374 1095 lutum
387 1041 514 1110 Bassum]
536 1059 648 1096 caussa.
659 1043 692 1096 U.
706 1043 770 1106 tot,
783 1063 811 1115 p.
825 1041 875 1096 eh.
895 1043 939 1096 101
945 1077 953 1103 ,
966 1025 1210 1101 allisionum,
1223 1027 1338 1094 utun-

303 1141 363 1178 soo.
385 1126 441 1178 vit.
456 1123 527 1179 Ptin.
541 1145 570 1198 p.
593 1127 642 1179 tto
655 1127 758 1180 statuit.

276 1293 469 1370 td.1v‚20:
486 1291 560 1358 Dixi
571 1314 632 1373 pro
648 1294 732 1374 Rufo
745 1293 884 1365 Vareno,
904 1313 923 1356 u
938 1289 1083 1377 Bithynis
1103 1311 1144 1359 cx
1168 1309 1336 1374 proconsu-
1415 1301 1418 1310 '

231 1395 297 1458 lom
309 1395 474 1477 postulato.
488 1427 529 1440 -
540 1393 751 1456 Dicitdeimlo
764 1393 916 1459 incudem
930 1390 1061 1476 epistole
1079 1413 1087 1452 ε
1105 1416 1120 1448 ι
1139 1391 1197 1470 ligi
1207 1411 1265 1472 ego
1279 1411 1335 1474 pro

231 1498 370 1568 Vacuo,
383 1515 449 1560 nou
460 1492 530 1560 siue
543 1507 680 1571 eveutu3
701 1513 773 1558 uum
789 1494 871 1558 bene
882 1514 924 1558 uu
934 1493 1027 1569 mule,
1043 1490 1126 1556 libor
1138 1490 1301 1558 iudicabit.
1319 1521 1332 1548 ι

231 1593 372 1654 Deinde:
387 1594 645 1659 ‹Proridcutlum
655 1592 800 1670 ootmilri,
813 1611 852 1656 ne
862 1592 996 1671 gramm
1006 1591 1155 1655 mvitutis
1166 1605 1201 1656 ct
1213 1590 1332 1662 florem,

231 1689 539 1769 quoeorotiuoculum
562 1689 729 1756 mecm'vel
747 1688 883 1756 maxims
902 1691 1109 1766 sommendat,
1129 1691 1268 1772 epistole
1289 1691 1334 1754 lo-

232 1789 390 1872 quacitne
403 1811 606 1874 preooopum.
622 1820 636 1850 »

264 1968 320 2020 Pro
331 1970 401 2031 Rufo
414 1971 534 2038 Vareno]
554 1989 633 2026 cauea
645 1983 702 2024 netu
714 1989 736 2022 a.
747 1973 780 2022 U.
792 1970 855 2022 854.
867 1970 899 2020 V.
913 1970 1030 2022 llussou.
1042 1969 1062 2021 l.
1077 1971 1097 2022 l.
1108 1988 1137 2042 p.
1153 1967 1215 2024 lii.

271 2133 333 2194 llus
346 2129 482 2215 quinque
497 2138 710 2216 precedentes
730 2153 838 2197 cruens
851 2133 886 2199 iu
898 2151 1050 2198 summam
1066 2134 1192 2214 collegit
1205 2133 1261 2198 lib.
1277 2137 1333 2207 Vl,

230 2229 283 2304 29,
297 2231 326 2290 l.

269 2331 316 2392 ld.
331 2331 387 2408 lv,
404 2333 422 2394 5
436 2353 443 2392 =
458 2329 636 2396 AEschiuem
648 2334 735 2396 aiunt
749 2331 930 2418 petentibus
940 2333 1069 2397 Rhodiis
1087 2333 1195 2414 legisse
1217 2335 1334 2397 oretio-

229 2445 300 2491 uem
319 2447 419 2503 susm,
438 2431 551 2494 deiude
571 2431 799 2507 Demosthenis,
816 2432 942 2494 summis
955 2445 1120 2515 utramque
1131 2429 1331 2496 clamoribus.

227 2527 318 2609 Quod
340 2539 499 2592 mutorum
522 2527 662 2592 virorum
685 2527 812 2611 scriptis
831 2524 1001 2608 contigisse
1029 2547 1094 2592 uon
1116 2529 1231 2605 miror,
1263 2549 1335 2592 oum

231 2625 405 2692 orationem
419 2649 518 2695 meum
527 2630 669 2712 proxime
676 2629 847 2696 doctissimi
860 2629 1194 2709 homiueshocotuth'o,
1209 2631 1274 2694 hoc
1284 2633 1337 2696 sd·

229 2747 331 2803 seusu,
342 2727 507 2794 hocetium
515 2728 625 2794 labore
643 2751 701 2814 per
711 2729 841 2794 biduum
854 2731 1023 2796 cudimint.
1040 2734 1228 2808 lumento,
1243 2734 1335 2804 scies,

230 2847 302 2892 cum
315 2827 429 2892 librtrm
445 2830 568 2909 legeris.

272 2931 321 2992 ld.
334 2931 390 3005 lv,
410 2932 447 2991 ll
462 2952 470 2991 ε
485 2929 656 3014 suscipiam
682 2932 898 3016 consumsilin’
916 2931 1043 2994 Corellt'i
1056 2948 1163 2994 contra
1181 2932 1216 2994 C.
1236 2931 1333 2996 Casci-

227 3029 317 3104 lium,
331 3029 487 3092 consulem
499 3030 704 3112 designatum.

269 3124 350 3190 lbid·
366 3127 422 3198 vt,
443 3128 481 3192 33
496 3149 505 3190 2
521 3127 634 3192 Tollite
649 3139 775 3200 ccccm,
792 3129 907 3212 iuquit,
921 3141 1100 3212 emptosque
1114 3128 1234 3196 auferte
1248 3129 1331 3192 lubo-

228 3221 302 3288 res!
319 3225 382 3290 Seu
401 3225 516 3292 scribis
529 3227 656 3312 aliquid,
673 3225 829 3309 aulegia,
847 3227 924 3305 tolli,
947 3227 1063 3294 euicui
1069 3226 1157 3310 jube,
1177 3239 1210 3291 et
1223 3229 1332 3312 accipe

228 3323 402 3386 cretionem
415 3344 530 3402 mcum,
546 3337 581 3386 ut
597 3325 645 3388 illi
665 3345 765 3397 orma,
780 3323 928 3391 divinam.
944 3327 1026 3388 Num
1041 3323 1205 3408 superbius
1217 3324 1333 3410 potui?

228 3437 340 3483 revera
355 3435 390 3484 ut
407 3422 490 3484 luter
503 3441 588 3486 meas
600 3424 771 3508 pulchrum.
797 3425 876 3486 Nam
888 3423 964 3485 mihi
983 3424 1058 3487 satis
1072 3433 1120 3486 est
1134 3435 1257 3492 certare
1271 3445 1333 3487 me·

170 3565 173 3571 -
227 3541 310 3585 cnm.
326 3523 382 3586 Est
395 3525 461 3586 haec
472 3546 532 3606 pm
545 3525 644 3588 Accio
662 3525 794 3586 Variola
809 3539 841 3590 et
860 3525 1011 3606 dignitate
1026 3543 1167 3607 persone
1180 3536 1214 3588 et
1231 3546 1335 3589 exem·

227 3615 272 3702 pli
283 3622 414 3687 raritate
426 3635 459 3689 et
466 3620 580 3706 judicii
591 3621 804 3704 magnitudine
825 3622 1012 3703 insignis...
1036 3621 1142 3688 Solent
1156 3620 1282 3705 quidum
1295 3645 1337 3688 ex

228 3721 505 3788 contubernalibus
526 3725 643 3790 uostris
657 3723 833 3786 mistimsre
844 3724 926 3786 huuc
949 3721 1124 3788 orationem
1139 3721 1267 3808 (iterum
1286 3726 1333 3787 di·

227 3820 308 3905 cam)
321 3823 508 3908 precipuum
531 3834 567 3885 ut
579 3822 664 3886 iuter
678 3841 762 3886 meus
774 3837 805 3894 o<
817 3834 876 3904 ὑπὲρ
889 3840 1057 3912 tuccetum
1069 3842 1149 3888 esse.
1171 3826 1222 3886 Au
1240 3842 1331 3893 vere,

228 3928 262 3978 tu
277 3915 423 3983 facillime
431 3915 598 4006 judicabis.

238 4167 243 4182 Ι
266 4100 349 4155 Actia
359 4101 483 4168 Van‘otzt
503 4100 578 4154 Hunc
589 4101 733 4154 contionem
748 4098 874 4152 Sidonius
887 4118 992 4172 quoqne
1010 4103 1123 4158 maxime
1138 4102 1239 4170 laudat,
1255 4118 1286 4160 ut
1300 4126 1332 4160 cx

300 4207 331 4242 co
342 4187 400 4241 loco
409 4188 507 4252 clucet,
517 4205 595 4256 quern
603 4205 663 4239 mex
676 4182 775 4256 exejus
789 4183 917 4258 Epistolis
930 4187 1045 4240 offeram.
