2954 4840
776 356 843 428 316

300 492 413 558 Cultus]
432 491 599 562 antiquitatis
612 503 640 544 et
656 491 836 544 absolutorum
849 491 1037 543 vocabulorum
1050 493 1179 544 maximus
1193 491 1246 546 tuit
1258 506 1367 555 amator,

332 588 363 628 ut
375 592 408 627 ex
421 572 479 646 ejus
492 574 618 647 Epistolis
631 593 736 644 qnoque
754 575 785 626 ad
803 575 956 626 Ciceronem
969 574 1139 646 intelligitur.

304 700 459 765 Priscian.
479 703 567 773 vt11,
593 700 624 776 t,
647 720 679 782 p.
706 701 767 763 370
782 722 789 759 ε
807 699 921 762 Coelias
938 722 946 761 :
964 700 1021 760 Ex
1036 703 1157 779 scriptis
1171 721 1291 774 eoram,
1314 705 1367 786 qul

261 805 332 859 vati
338 799 538 872 arbitrantur,
553 801 674 880 passive
687 811 907 881 ὑπολαμβάνονται.

298 935 410 1002 Cultus]
429 936 473 989 bic
485 936 588 1002 dubito,
604 937 648 990 cni
658 936 759 1009 potins,
775 937 873 990 oratori
886 954 919 988 an
930 935 1067 1000 historico,
1079 933 1108 986 id
1119 933 1154 988 sit
1162 933 1362 986 vindicandum.

331 1017 454 1084 Editotss
468 1019 572 1091 Fragm.
585 1019 773 1073 historicorum
787 1019 929 1090 Antipatro
946 1017 973 1070 id
987 1017 1119 1070 tribuunt.

304 1139 457 1204 Priscian.
475 1143 568 1213 XIII,
588 1141 617 1216 3,
646 1163 678 1225 p.
703 1141 762 1206 666
788 1143 837 1204 cd.
862 1141 991 1216 Krehl.,
1016 1163 1049 1225 p.
1068 1143 1129 1206 960
1144 1142 1193 1204 cd.
1211 1143 1364 1206 Pascha

259 1240 310 1301 M.
328 1241 438 1302 Cultus
453 1244 491 1306 de
503 1242 663 1308 restituet
684 1242 854 1304 vehiculis:
878 1243 963 1302 Nam
982 1237 1189 1323 perinjurium
1203 1247 1273 1316 siet,
1295 1264 1364 1302 cum

260 1339 336 1402 mitt
349 1343 388 1405 ob
402 1364 455 1404 eos
466 1365 583 1418 maroc,
596 1365 674 1429 quos
682 1350 771 1424 prtus
782 1343 886 1420 babai,
899 1342 993 1404 honos
1008 1345 1095 1404 datur
1102 1367 1116 1418 ,·
1131 1342 1182 1403 ubi
1194 1345 1282 1404 datas
1293 1349 1362 1420 siet,

259 1458 322 1502 tum
343 1449 387 1504 uti
400 1465 456 1506 eos
467 1461 584 1506 mutam
597 1461 686 1530 atqua
697 1445 755 1504 ,alit
769 1445 854 1506 modi
871 1449 962 1504 siem.

297 1581 339 1634 M.
356 1582 469 1651 Callus]
489 1597 587 1638 temere
600 1584 644 1637 hic
657 1582 733 1636 locus
748 1584 785 1634 Μ.
800 1581 886 1634 Coelio
901 1579 1032 1632 tribuitur
1046 1591 1103 1632 tum
1119 1599 1133 1631 a
1152 1581 1314 1634 Ilnbnlcnio
1333 1583 1364 1634 ad

331 1667 467 1722 Velleium
489 1670 528 1733 11,
550 1673 594 1733 68,
610 1683 667 1722 tum
681 1688 695 1720 a
709 1666 838 1720 chhlio:
863 1667 973 1720 Catonis
993 1667 1064 1719 enim
1088 1669 1193 1737 cst(ut
1212 1666 1366 1720 Ellendtius
1466 1677 1469 1686 '

328 1765 398 1806 recte
411 1753 487 1824 vidit)
507 1768 535 1807 et
548 1773 581 1807 cx
598 1753 717 1807 censoria
730 1752 848 1805 oratione
862 1749 1031 1822 desumptus,
1042 1751 1112 1820 quod
1123 1771 1157 1803 ex
1167 1751 1227 1803 aliis
1236 1752 1366 1805 Prisciani

328 1842 395 1895 Iocis
406 1854 433 1894 et
445 1862 478 1895 ex
495 1844 554 1914 ipso
565 1841 692 1895 orationis
705 1839 792 1894 colore
804 1852 832 1892 et
851 1851 1006 1910 argumento
1023 1837 1141 1910 perspici
1162 1851 1259 1910 potest.
1274 1841 1363 1908 Quare

328 1924 398 1977 inter
411 1926 520 1977 CatonIs
530 1925 663 1979 orati0nes
672 1943 752 1995 snpra
764 1922 905 1975 retulimus
917 1943 945 1993 p.
963 1924 1005 1975 38.

300 2049 406 2110 Barth.
426 2048 614 2111 Adversaria
629 2047 805 2120 XXXVIII,
824 2047 875 2119 tt,
896 2065 927 2128 p.
944 2045 1039 2110 1748:
1054 2045 1100 2107 Ex
1114 2046 1236 2108 LexIco
1259 2057 1366 2109 vetere

258 2144 467 2210 Terentiano:
486 2168 500 2202 ι
518 2145 675 2225 adjurant
693 2165 866 2210 sermonem
890 2167 928 2208 cx
954 2146 1126 2208 abundanti
1149 2146 1267 2207 addita.
1295 2145 1364 2209 Coe-

256 2245 336 2305 lius:
355 2243 433 2302 Hoec
451 2257 572 2338 caterva
590 2241 683 2321 platta
698 2243 904 2324 gladiatorum
922 2265 991 2302 cum
1013 2264 1102 2304 saum
1117 2243 1177 2304 sibi
1201 2243 1302 2303 alium
1318 2265 1365 2304 so·

258 2362 337 2400 etum
352 2361 367 2400 S
369 2359 454 2399 oetas
459 2386 465 2400 .

295 2478 413 2548 Calas]
433 2478 522 2531 Barth.
539 2478 559 2532 l.
580 2478 599 2530 l.
610 2497 638 2549 p.
653 2480 738 2532 1750:
756 2477 840 2539 Catii,
850 2479 949 2550 inquit,
965 2482 1039 2532 verba
1049 2478 1088 2532 ila
1102 2479 1207 2552 lagarda
1219 2479 1344 2532 orantur
1358 2503 1367 2532 .·

331 2569 422 2621 «llas
438 2575 553 2638 paterna
569 2582 648 2637 poena
667 2568 855 2640 gladiatorum,
873 2566 998 2620 consumit
1019 2585 1095 2619 suum
1108 2565 1159 2621 sali
1174 2563 1255 2620 alium
1271 2565 1369 2628 ,sociam

223 2691 229 2706 ,
328 2654 451 2705 sociiis.»
475 2653 508 2701 Iu
529 2650 677 2703 membranis
698 2650 823 2720 scriplum
831 2650 1130 2722 fnitprt'moCaecilius,
1154 2651 1201 2702 sed
1209 2651 1269 2703 dua
1283 2651 1367 2704 literae

327 2754 408 2788 erasa
423 2742 504 2804 atquc
521 2742 658 2806 expuncta
677 2740 749 2786 sunt.
766 2735 824 2808 Ego
836 2733 998 2788 nihilominus
1012 2735 1119 2788 Caecilio
1133 2733 1217 2808 magt's
1231 2733 1364 2788 conventre

154 2858 158 2872 .
215 2833 219 2841 “
327 2839 408 2894 quam
420 2821 500 2874 Coelt'o
510 2820 629 2874 arbitror.

298 2957 431 3041 Quintil.
458 2959 487 3032 I,
505 2959 534 3030 5,
552 2955 588 3016 61
608 2957 678 3018 :Nc
688 2957 722 3018 in
733 2980 752 3016 a
764 2955 886 3038 quidem
895 2966 987 3040 atquc
999 2981 1014 3019 s
1028 2959 1137 3021 literas
1147 2957 1234 3022 cxIrc
1244 2971 1365 3023 temere

256 3055 426 3117 masculina
439 3055 552 3119 Graeca
570 3055 696 3116 nomina
721 3068 808 3118 recto
833 3077 907 3119 casu
930 3057 1142 3140 patIebantnr,
1172 3054 1303 3139 ideoque
1332 3071 1363 3120 et

260 3156 340 3238 apud
358 3153 487 3214 Callum
500 3153 628 3232 lagnnus
638 3152 731 3212 Pella
741 3158 928 3216 cincinnatas
941 3170 974 3218 ct
988 3158 1067 3237 apud
1084 3156 1266 3226 Messalam,
1279 3157 1365 3216 Bene

248 3258 333 3335 flacit
345 3253 460 3318 Euthia
472 3269 504 3318 et
517 3254 597 3338 apud
615 3253 810 3332 Ciceronem,
823 3257 1028 3338 Hermagora,
1046 3277 1086 3318 ne
1106 3257 1268 3332 miremur,
1282 3259 1364 3338 quod

258 3358 297 3422 ab
313 3355 513 3442 antiquorum
526 3356 683 3443 plerisque
695 3363 804 3448 Aenea
814 3373 845 3418 et
855 3357 996 3419 Anchisa
1007 3360 1048 3422 sit
1063 3355 1175 3428 dictus.

166 3468 231 3544 196
296 3498 419 3566 Calabra]
438 3497 550 3563 Coelius,
566 3498 689 3563 Messala,
716 3498 808 3551 Cicero
835 3501 862 3551 in
883 3501 934 3554 boc
960 3501 1018 3553 loco
1039 3500 1157 3571 antiquis
1180 3501 1366 3552 Romanorum

331 3585 506 3658 scriptoribus
524 3595 713 3657 opponuntur,
738 3585 775 3637 ita
792 3597 823 3637 ut
847 3597 945 3656 pateat,
968 3605 1021 3639 non
1044 3585 1153 3642 Callum
1180 3582 1365 3656 Amastrum,

331 3667 498 3734 historicum,
514 3669 560 3739 qui
575 3668 678 3740 ipsoex
697 3686 808 3721 nurnero
823 3670 992 3739 antiquorum
1007 3682 1057 3732 est,
1073 3669 1190 3741 intelligi
1203 3685 1291 3740 posse,
1316 3669 1365 3721 sed

253 3778 256 3782 ·
332 3752 418 3806 multo
430 3753 603 3808 memnonem
616 3749 694 3804 'allum
707 3752 749 3804 M.
770 3752 878 3805 Calliam
890 3753 1002 3820 Rufum,
1023 3753 1152 3824 aequalem
1164 3750 1300 3805 Ciceronis
1322 3765 1364 3805 at-

333 3853 385 3906 quc
394 3837 527 3889 Messalas.
537 3866 569 3876 —
581 3835 607 3886 Is
620 3833 649 3884 in
659 3833 778 3886 oratione
791 3834 902 3904 quadam
916 3837 1095 3890 Rornanorum
1110 3835 1260 3909 principum
1272 3834 1366 3886 nescio

330 3939 409 3991 quern
422 3920 523 3974 Peliam
534 3917 705 3972 cincunatam
719 3917 788 3971 salse
801 3920 912 3985 vocavit,
927 3935 959 3976 ut
971 3923 1064 3978 Cicero
1075 3923 1158 3975 facete
1167 3917 1296 3973 Romulus
1310 3919 1365 3974 Ar-

325 4006 405 4078 pinas
417 3994 563 4065 dicebatur,
585 4007 648 4074 qnia
660 4015 721 4074 post
733 4003 941 4075 conjurationem
959 4007 1081 4062 Catilina.
1094 4008 1223 4061 detectam
1242 4023 1316 4076 aeqne
1333 4003 1365 4056 de

332 4091 414 4142 Roma
429 4107 456 4140 sc
469 4087 591 4138 meritum
608 4104 667 4138 csse
688 4098 765 4156 atque
784 4087 939 4156 Romulum,
962 4092 1077 4163 primum
1099 4091 1173 4144 urbis
1187 4090 1367 4152 fundatorem,

331 4176 459 4246 gloriatus
472 4187 522 4227 est.
