2954 4840
744 333 811 406 356

301 491 358 530 rum
370 484 502 526 oratorum
511 470 611 526 Seneca
623 484 777 544 praeceptor,
796 491 850 542 quo
863 470 965 525 diutius
978 472 1006 523 in
1020 469 1190 526 admiratione
1203 473 1246 526 aui
1259 471 1330 526 deti·

301 567 384 608 neret.
397 577 409 604 ι

272 709 391 772 Gellius
411 710 483 788 llll,
502 710 521 771 2
539 729 548 768 e
564 711 612 775 De
630 711 749 776 dnuoeo
770 709 889 774 Seneca
914 709 1028 790 partim
1047 707 1228 788 existimant
1242 721 1279 771 ut
1293 711 1331 772 de

230 808 386 889 scriptore
404 809 531 872 minime
554 808 634 886 utili,
659 808 746 890 cujus
767 809 866 870 libros
884 808 1039 887 attingere
1061 810 1178 871 nullum
1197 809 1331 890 pretium

231 928 332 990 operte
345 912 396 985 sit,
417 913 497 992 quod
507 912 607 974 oratio
621 909 687 993 ejus
700 908 842 989 vulgaria
857 907 999 972 videatur
1014 922 1047 971 et
1060 910 1205 991 protrita,
1222 931 1274 974 res
1285 924 1331 971 at·

232 1029 291 1090 que
305 1011 468 1073 sententie
482 1025 537 1074 aut
547 1025 581 1073 ut
600 1011 707 1098 inepto
720 1011 867 1096 inanique
881 1011 999 1095 impetu
1015 1013 1079 1074 siut
1094 1025 1148 1074 aut
1163 1024 1198 1072 ut
1218 1009 1282 1074 leri
1302 1025 1334 1073 et

233 1109 321 1189 quasi
328 1107 429 1172 dicaci
442 1111 581 1191 argutla3
594 1113 726 1174 eruditio
742 1123 844 1173 autem
859 1111 1028 1173 vernacula
1042 1125 1074 1173 et
1085 1109 1220 1192 plebeia,
1237 1112 1332 1173 nibil-

233 1227 291 1287 que
306 1227 346 1271 ex
363 1221 501 1271 veterum
520 1210 645 1293 scriptis
658 1209 779 1271 habens
794 1228 894 1290 neque
908 1209 1017 1288 gratiae
1032 1228 1131 1290 neque
1146 1205 1330 1288 diguitatis3

234 1306 289 1370 alii
304 1330 379 1372 vero
399 1311 557 1390 elegantiae
585 1307 706 1393 quidem
726 1312 760 1370 in
785 1308 890 1372 verbis
910 1329 1020 1391 parum
1038 1329 1103 1372 esse
1130 1329 1193 1372 nou
1216 1308 1334 1372 infitias
1362 1331 1367 1338 ·

233 1419 320 1482 eunt,
337 1411 390 1471 se'd
405 1421 436 1472 et
449 1427 568 1482 retum,
586 1427 661 1489 qaas
675 1407 778 1486 dicat,
803 1407 965 1470 scientiam
979 1406 1215 1490 doctrinamque
1226 1411 1255 1468 ei
1271 1426 1333 1469 non

233 1506 337 1567 deesse
352 1507 459 1569 dicunt
476 1504 554 1568 etin
569 1503 655 1567 vitiis
668 1525 790 1569 morum
805 1505 1007 1587 objurgandis
1021 1506 1218 1569 severitatem
1232 1501 1334 1583 gravi·

200 1655 206 1674 ,
237 1612 392 1682 tatemqoe
410 1621 472 1665 non
488 1600 697 1665 invenustam.

277 1705 394 1766 Fronto
419 1706 466 1767 De
486 1705 679 1768 orationibus
701 1706 741 1766 ad
764 1707 805 1766 ll.
824 1703 977 1767 Caesarem
997 1722 1028 1784 p.
1056 1702 1143 1765 239:
1168 1701 1333 1765 Confusam

136 1796 207 1871 238
233 1825 302 1868 eam
324 1825 381 1886 ego
404 1806 612 1888 eloquentiam
638 1806 835 1868 catacbannoe
857 1805 920 1866 ritu
943 1801 1058 1886 partim
1079 1804 1179 1883 igneis
1203 1803 1335 1865 nucibus

232 1901 384 1980 Catonis,
397 1908 512 1988 partim
527 1907 655 1966 Senecae
666 1901 809 1966 mollibus
823 1916 856 1964 et
875 1899 1070 1964 lebrictrlosis
1083 1903 1245 1984 prunuleis
1258 1899 1335 1963 iusi·

234 2019 309 2079 tam,
333 2007 571 2070 subvertendam
593 2025 703 2068 censeo
728 2003 889 2079 radicitus,
912 2003 973 2065 imo
994 2023 1069 2066 vero
1087 2003 1229 2066 Plautino
1253 2003 1335 2064 irato

233 2105 331 2168 verbo
350 2105 550 2170 exuadicitus.
568 2104 801 2185 Nequeignoro
817 2103 974 2184 copiosum
989 2099 1153 2164 sententiis
1176 2115 1208 2166 et
1221 2103 1334 2166 redun-

234 2203 360 2264 dantem
373 2223 440 2264 esse
449 2204 616 2274 bominem,
629 2222 738 2266 verum
751 2199 923 2262 sententias
932 2200 998 2282 ejus
1006 2201 1153 2262 tolutares
1163 2202 1252 2262 video
1261 2219 1334 2281 qua·

236 2311 303 2359 tere
317 2317 461 2381 campum
483 2296 671 2381 quadripedo
692 2293 816 2362 concito
835 2317 939 2374 cursu,
957 2311 1065 2359 tenere
1090 2317 1249 2378 nusquam,
1279 2317 1335 2381 pu·

235 2417 332 2476 gnare
360 2419 520 2482 nusquam,
538 2397 706 2462 instantem
731 2400 867 2475 eludere,
892 2411 926 2460 ut
952 2399 1101 2462 Laberius
1115 2395 1333 2473 dictabolaria,

235 2498 298 2559 imo
317 2497 449 2561 ‹liuteria
464 2498 567 2583 potius
585 2519 656 2564 eum
680 2520 771 2579 quam
785 2499 869 2561 dicta
884 2498 1059 2560 continere.
1076 2501 1164 2560 ltaue
1179 2498 1338 2560 existimas

236 2592 398 2674 graviores
411 2595 580 2661 sententias
594 2611 627 2659 et
641 2598 748 2659 eadem
762 2598 800 2658 de
817 2615 853 2656 re
865 2596 945 2676 apud
958 2598 1109 2658 Annaeum
1125 2593 1218 2658 istum
1233 2615 1336 2678 reper-

236 2705 341 2756 turum
353 2707 485 2778 tequam
501 2697 582 2779 apud
595 2691 759 2774 Sergium?
773 2695 834 2757 Sed
849 2711 913 2755 non
925 2694 1096 2756 modulatas
1109 2713 1206 2776 oeque,
1222 2696 1335 2768 fateor,

236 2812 336 2873 neque
349 2791 393 2855 ita
408 2795 576 2868 cordaeesa
591 2795 637 2855 ita
656 2805 715 2867 est,
733 2812 834 2874 neque
846 2792 892 2853 ita
901 2791 1056 2869 tinnulast
1070 2812 1133 2855 uon
1146 2814 1236 2874 nego.
1254 2793 1338 2878 Quid

236 2911 324 2966 vero,
345 2893 373 2954 si
385 2895 549 2976 prandium
565 2895 645 2956 idem
660 2896 799 2975 utrisque
815 2895 1001 2976 adponatur,
1023 2895 1178 2976 adpositas
1196 2896 1278 2957 oleas
1295 2895 1337 2958 al·

236 3007 285 3053 ter
294 2991 399 3072 digitis
413 2995 559 3075 prendat,
576 2996 615 3056 ad
634 3016 667 3056 os
682 2995 813 3070 adierat,
829 3007 864 3055 ut
874 2994 1071 3056 mendicandi
1091 2993 1141 3085 jus
1155 2995 1259 3078 fasque
1278 3009 1335 3070 est,

235 3094 280 3153 ita
304 3094 448 3156 dentibus
465 3091 631 3177 subjiciat3
659 3096 739 3157 alter
755 3108 857 3158 autem
871 3097 953 3158 oleas
972 3115 1042 3156 suas
1059 3097 1093 3156 in
1115 3097 1211 3158 altum
1227 3096 1336 3179 jaciat,

237 3213 292 3258 ore
301 3210 410 3278 aperto
419 3197 564 3280 excipiat3
581 3211 726 3280 exceptas
740 3211 775 3260 ut
786 3196 920 3260 calculos
933 3194 1142 3280 praestigiator
1150 3195 1338 3279 primoribus

236 3298 334 3358 labris
349 3308 482 3362 ostentet
498 3318 507 3357 t
524 3317 561 3359 ea
587 3315 622 3360 re
636 3299 775 3382 prolecto
792 3300 880 3380 pueri
900 3300 1066 3379 gaudeant,
1087 3299 1227 3362 convivae
1254 3299 1339 3361 dele·

238 3398 388 3461 utentur?
404 3401 467 3464 Sed
485 3399 564 3461 alter
581 3400 693 3482 pudice
710 3397 884 3485 pranderit,
903 3402 984 3463 alter
997 3399 1120 3462 labellis
1139 3400 1340 3482 gesticulatus

238 3497 311 3561 erit.
333 3503 375 3562 At
397 3501 480 3564 euim
499 3512 571 3562 sunt
585 3502 720 3584 quaedam
736 3503 769 3562 in
790 3497 881 3563 libris
902 3500 967 3581 ejus
982 3498 1060 3562 scite
1080 3501 1174 3577 dicta,
1197 3501 1340 3580 graviter

238 3615 357 3677 quoque
372 3598 532 3662 nonnulla.
550 3600 651 3663 Etiam
669 3601 791 3661 laminoe
800 3599 957 3662 interdum
972 3599 1152 3678 argentiolae
1163 3599 1277 3662 cloacis
1291 3600 1340 3662 lu·

238 3695 419 3768 veniuntur,
433 3716 511 3758 eane
522 3717 559 3758 re
574 3697 694 3759 cloacas
707 3699 883 3777 purgandas
894 3695 1106 3760 redimemus?
1126 3706 1128 3714 ’
1190 3724 1194 3732 ·

272 3858 389 3925 Seneca]
409 3861 606 3914 consentientes
619 3859 738 3922 ridemus
751 3857 890 3930 injttd‘tcio
905 3859 1099 3932 «ineloquentia
1111 3857 1342 3926 SenscaeQttinti-

310 3940 420 4004 lianum,
432 3943 602 4006 Frontonem,
616 3939 745 3994 Gellium.

275 4097 381 4164 quatere
395 4094 528 4162 campum]
548 4087 653 4162 Recepi,
666 4102 696 4142 ut
708 4109 755 4161 par
768 4102 833 4153 erat,
847 4092 1057 4146 emendationem
1070 4094 1233 4164 ingeniosam
1245 4089 1344 4144 Orellii

309 4179 337 4244 in
350 4178 487 4242 Adnotatt.
503 4175 535 4228 ad
549 4176 782 4242 Chrestomathiam
795 4179 1000 4246 ¹Frontonianum
1016 4202 1042 4255 p.
1068 4184 1127 4238 173.
1148 4179 1236 4252 Vulgo
1254 4200 1260 4236 ;
1276 4179 1346 4232 too·
