2904 4840
761 279 805 349 68

236 439 306 482 suas
316 439 367 484 res
377 417 482 483 verbis
495 417 664 496 extulisset,
678 430 710 480 et
722 420 871 501 equitnm,
884 415 937 498 qui
954 429 1029 481 tuuc
1041 412 1233 501 jrulicaheut,
1250 411 1332 476 invi·

237 518 322 583 diam
338 517 472 582 conflare
488 537 552 587 uon
566 530 646 582 esset
661 516 789 590 neritus,
807 529 972 598 autequam
986 517 1143 585 ferrentur
1157 515 1330 587 sententie,

175 655 179 669 ι
234 627 343 699 sponte
357 615 390 678 in
404 614 544 678 exsilium
559 615 649 677 abiit.
673 618 740 680 Hoc
755 628 816 690 est,
833 616 913 698 qnod
927 615 1045 680 invidia
1057 613 1218 701 depulsum
1232 611 1331 676 tribu·

235 726 310 776 natu
324 713 411 780 Urbe
424 712 589 777 excessisse
605 710 718 780 Cicero
731 713 808 778 dicit
819 713 867 776 De
887 726 967 776 orat.
986 714 1047 788 ΙΙΙ,
1070 713 1101 776 3.
1125 713 1253 776 Factum
1267 731 1334 776 esse

238 811 338 898 primo
349 811 425 876 belli
452 808 577 876 socialis
596 809 679 876 anno
698 813 811 880 Cicero
830 815 924 876 Bruto
943 833 974 874 c.
993 812 1032 874 89
1052 811 1197 877 ostendit.
1222 813 1335 878 Secuta

111 981 113 985 .
235 916 358 980 Cottam
375 916 409 978 in
430 911 539 981 exsilio
552 929 652 982 mater
665 915 805 996 Rutilia,
828 915 955 981 virilem
973 921 1010 982 Ρ.
1025 917 1134 980 Rutilii
1147 915 1253 980 fratris
1267 915 1332 977 ani·

142 1031 144 1036 ’
237 1033 319 1076 mum
333 1009 484 1076 retinens.
496 1014 596 1074 Testis
603 1014 725 1092 Seneca
732 1013 856 1079 Consol.
868 1016 907 1079 ad
918 1015 1009 1084 Helu.
1027 1035 1055 1078 c.
1070 1015 1119 1075 16.
1137 1012 1228 1083 Cous.
1240 1010 1334 1074 etiam

109 1145 117 1162 ·
236 1114 410 1196 Appianum
421 1115 456 1172 Β.
470 1111 539 1176 Civ.
553 1116 580 1192 I,
595 1115 653 1188 3t;
670 1115 739 1178 Val.
754 1117 835 1180 Max.
846 1117 937 1192 Vlll,
953 1116 984 1178 6.
1000 1116 1105 1180 Rediit
1118 1135 1188 1178 cum
1200 1116 1236 1178 L.
1249 1114 1335 1177 Sulla

235 1232 264 1274 a.
280 1211 353 1287 671,
369 1213 430 1276 Cn.
449 1211 593 1276 Carbone
605 1215 668 1287 ΙΙΙ,
682 1212 719 1276 C.
733 1213 832 1276 Mario
843 1213 929 1276 Coss.
953 1217 1029 1278 lnde
1041 1216 1168 1292 lactum,
1189 1227 1225 1298 ut
1240 1211 1336 1277 aedili·

234 1323 342 1389 tatem,
357 1332 437 1374 anno
451 1330 506 1373 suo
520 1310 731 1393 praeterlapso,
747 1329 811 1373 nou
826 1323 959 1391 peteret,
974 1325 1006 1375 et
1017 1332 1056 1375 ue
1067 1326 1202 1400 praetura
1213 1310 1336 1396 quidem

234 1410 431 1490 fungeretur3
450 1425 558 1488 quare,
571 1417 607 1467 nt
619 1402 779 1488 Philippis
788 1418 821 1466 et
832 1403 939 1482 Curio,
959 1426 993 1468 se
1005 1405 1075 1470 sine
1089 1428 1217 1472 munere
1232 1408 1337 1470 omnia

235 1503 297 1568 civi
310 1507 448 1568 Romano
457 1500 630 1566 honorifica
640 1503 785 1586 adeptum
798 1502 887 1566 dixit.
904 1503 997 1568 Sullee
1006 1505 1056 1566 vel
1070 1523 1132 1566 uon
1143 1502 1218 1568 satis
1230 1519 1339 1586 gratus

234 1604 336 1679 luisse,
348 1605 399 1667 vel
411 1601 562 1684 defugisse
583 1603 706 1666 ridetur
726 1604 884 1684 angustias
903 1602 1073 1691 petitionis,
1096 1604 1206 1688 quibus
1224 1625 1339 1690 parum

235 1703 322 1783 digni
339 1705 497 1769 dictatoris
511 1703 659 1785 suffragio
672 1707 823 1769 honorem
834 1705 937 1788 adepti
952 1717 1036 1780 sunt,
1049 1705 1113 1782 elii,
1126 1707 1209 1788 th.
1220 1704 1337 1786 Ofella,

236 1805 437 1868 temerariam
450 1802 652 1868 ambitionem
665 1819 765 1870 rnorte
778 1805 916 1875 luerunt.
933 1804 1133 1872 Consulatum
1146 1807 1231 1870 enim
1246 1805 1338 1868 Cotta

236 1910 356 1971 cumb.
372 1903 504 1981 Octavio
516 1908 612 1986 gessit
626 1928 655 1968 a.
670 1905 743 1984 stt,
767 1907 852 1970 Sulla
869 1909 983 1974 dudum
1002 1921 1134 1971 mortuo.
1158 1906 1215 1970 His
1229 1926 1339 1971 consu·

234 2006 316 2070 libus
336 2005 382 2069 rei
396 2004 609 2082 frumenteriae
629 2023 705 2068 cura
726 2014 814 2069 extra
832 2005 974 2078 ordinem
994 2006 1178 2068 demandata
1192 2017 1239 2066 est
1254 2001 1333 2086 (Cic.

235 2109 327 2170 Verr.
347 2105 408 2176 ΙΙΙ,
422 2106 465 2189 Ι).
492 2108 649 2173 Praeterea
670 2103 761 2168 Cotta
783 2106 978 2179 tribunitiam
1000 2118 1182 2187 potestatem
1202 2103 1336 2178 macuta.

234 2221 326 2282 quam
345 2201 499 2265 inusserat
517 2202 553 2262 L.
573 2201 670 2276 Sulla,
693 2201 855 2278 liberavit,
877 2201 1018 2283 quamvis
1037 2202 1154 2265 offensa
1174 2199 1338 2268 nobilitate

235 2296 310 2380 (Cic.
324 2297 436 2374 fragm.
448 2296 575 2374 Cornel.
588 2318 619 2378 p.
634 2297 675 2360 25
689 2297 822 2360 Schiitz..
833 2294 879 2385 [et
890 2303 1004 2366 Ascon.
1016 2321 1049 2380 p.
1067 2298 1106 2360 ll
1122 2299 1171 2362 ed.
1184 2293 1299 2384 Orell.]
1311 2298 1334 2383 ).

233 2397 377 2463 Permisit
391 2399 475 2472 euim
490 2395 619 2461 Aurelia
636 2398 696 2475 lex,
714 2411 749 2460 ut
769 2396 930 2463 tribunatu
950 2397 1048 2466 functi
1070 2400 1146 2462 alios
1159 2395 1270 2462 deinde
1283 2399 1340 2460 ho-

235 2518 328 2562 nores
345 2511 500 2580 peterem.
524 2498 614 2562 Conl.
637 2502 752 2572 Ascua.
775 2503 813 2573 ad
830 2503 922 2564 Verr.
943 2503 1000 2576 ΙΙΙ,
1023 2500 1075 2561 60.
1101 2502 1216 2583 Quales
1235 2512 1338 2566 eutem

235 2595 370 2662 Aureliae
381 2599 465 2678 leges
475 2597 609 2673 fuerint,
623 2598 662 2662 de
677 2600 787 2681 quibus
800 2599 867 2682 ipse
881 2601 1069 2680 abrogandis
1083 2602 1118 2665 in
1132 2613 1241 2673 senam
1254 2613 1337 2662 retu·

235 2698 318 2772 lerit,
341 2699 420 2778 quod
437 2697 622 2763 Ciceronem
641 2698 699 2766 Ot-
720 2697 917 2781 proCorqel·
938 2699 961 2760 l.
984 2721 1011 2760 c.
1025 2699 1075 2781 (p.
1096 2699 1134 2760 66
1154 2701 1267 2758 Asson.
1287 2699 1336 2758 ed.

235 2787 350 2879 Orell.]*
362 2795 477 2862 dixisse
494 2799 643 2871 uidemus,
670 2817 732 2860 non
752 2798 827 2866 sutis
845 2812 977 2868 conset.
1005 2799 1095 2860 Illam
1115 2799 1154 2858 de
1174 2794 1351 2866 tribunitia

236 2909 388 2978 potestate
401 2899 435 2959 in
446 2900 495 2959 his
510 2919 573 2960 non
588 2916 665 2968 esse,
682 2898 833 2959 Asconius
848 2899 888 2956 ad
902 2899 933 2956 h.
948 2897 971 2956 l.
986 2897 1107 2960 consilii
1122 2897 1260 2965 incertus
1273 2897 1339 2979 ipse

237 2995 412 3070 adnotavit,
434 3017 536 3077 neque
555 2996 636 3076 opud
654 2995 874 3070 Fenestellam,
900 3015 1000 3075 neque
1020 2997 1100 3078 apud
1114 2997 1291 3066 sallustium
1307 3011 1338 3058 et

236 3088 359 3156 linium
374 3090 540 3173 quidquam
554 3091 684 3172 reperit.
700 3091 815 3168 Legem
830 3091 868 3158 de
879 3088 1017 3173 judiciis,
1036 3105 1071 3153 ut
1087 3113 1149 3158 nou
1165 3093 1272 3167 solam,
1292 3089 1338 3158 ito

237 3188 287 3256 vel
297 3207 334 3253 ee
344 3189 383 3252 de
396 3207 432 3258 re
446 3207 510 3255 nou
519 3182 674 3254 intellexit
683 3181 806 3262 Cicero,
822 3189 902 3268 quod
913 3207 932 3248 s
943 3189 985 3250 M.
1000 3187 1128 3264 Aurelio
1139 3189 1229 3262 Cotta
1240 3189 1338 3255 fratre

237 3304 320 3348 anno
331 3287 453 3356 dentum
464 3297 612 3367 sequente
626 3282 779 3362 abrogata
793 3298 850 3348 est.
866 3287 1085 3350 Potesttamen
1097 3288 1156 3348 hoe
1168 3287 1333 3366 negotium,

236 3382 274 3444 de
289 3401 348 3464 qno
363 3382 400 3444 C.
414 3381 505 3452 Cotta
523 3381 632 3444 consul
649 3380 770 3444 referre
790 3397 944 3466 coeperet,
968 3383 1002 3447 iu
1022 3395 1199 3462 sequentem
1222 3403 1337 3462 annum

237 3494 410 3552 extractum
419 3482 531 3554 sideri.
543 3483 589 3547 m
599 3482 758 3556 consulatu
767 3482 904 3548 Galliam
913 3482 1106 3565 provinciam
1116 3486 1256 3559 sortitus,
1267 3505 1336 3562 cum

235 3581 318 3662 justo
327 3583 475 3667 cupidior
486 3581 636 3667 triumphi
645 3584 762 3661 fuisset,
770 3585 837 3667 jam
847 3588 973 3660 decreto
984 3587 1103 3650 honore
1113 3587 1201 3666 tongi
1210 3607 1273 3664 nou
1285 3607 1337 3668 pu·

238 3684 310 3758 tuit,
323 3688 376 3756 sed
386 3687 550 3768 repentine
560 3700 660 3756 morte
677 3687 847 3756 exstinctus
856 3699 902 3750 est
913 3683 991 3767 (Cic.
1004 3686 1059 3756 Or.
1074 3689 1107 3755 in
1120 3690 1223 3757 Pisos.
1238 3708 1267 3750 c.
1281 3687 1335 3762 tt.

239 3785 328 3856 Burt.
342 3807 371 3856 e.
385 3787 437 3862 923
447 3787 532 3857 conl.
543 3789 659 3852 Aseon.
673 3789 744 3851 adl.
758 3785 811 3868 o).

284 3889 335 3952 tt.
360 3890 540 3966 Causarum,
559 3907 634 3974 ques
646 3887 737 3962 dixit,
752 3906 869 3970 peuce,
884 3905 989 3968 eaeque
1006 3892 1132 3956 aomiue
1149 3892 1271 3952 tantum
1289 3901 1337 3954 te·

242 4003 310 4058 nus,
326 3995 405 4051 notes
417 3999 501 4060 sunt.
526 3985 712 4049 Adolescens
731 3981 869 4052 delendt't
888 3986 1072 4051 auunculum
1086 3989 1122 4048 P.
1135 3983 1285 4055 Rutilium
1305 3999 1335 4050 et

241 4083 484 4168 qusnrtspauca
494 4105 552 4149 neo
562 4085 662 4176 fricata
673 4081 800 4160 artibus,
811 4096 914 4150 tamen
925 4084 1060 4150 oratorie
1072 4086 1166 4149 dixit.
1180 4084 1334 4152 Arretium
