2934 4846
803 349 972 422 38·

282 485 487 550 clarissimum
498 499 648 568 qtmstura
661 489 775 552 Atiam
788 490 1003 554 documeamm
1017 489 1112 564 dedit,
1137 487 1194 552 sub
1212 490 1254 576 Q.
1271 489 1378 554 Mucio

282 597 563 665 propraetoregesm
573 607 603 646 a.
618 586 689 650 632.
705 586 859 668 Quoniam
872 587 957 650 enim
970 605 1040 648 cum
1052 586 1122 658 hoc,
1133 599 1169 648 ut
1179 585 1380 648 relertbsco·

285 686 353 748 nius
365 687 489 750 adDir.
505 687 539 748 in
557 687 660 750 Caecil.
677 689 760 769 557,
779 707 809 771 p.
838 689 898 752 122
914 691 963 752 ed.
979 687 1319 762 0rel1.‚oousemerar,
1336 707 1380 749 ne

282 782 356 864 quid
366 783 522 866 publicani
533 797 662 864 agerent
673 786 707 847 in
718 786 892 868 provincia,
907 799 939 850 et
959 787 1040 848 bane
1052 785 1202 850 iuvidiam
1217 786 1379 864 legatione

281 883 548 965 postconsulatum
561 883 616 946 sub
630 884 730 948 altero
742 887 784 968 Q.
795 885 932 950 &arou
944 898 1075 968 pretore
1085 899 1172 962 gesta
1184 884 1377 962 iteraverat,

280 981 551 1046 innocentissimus
567 979 701 1046 omnium
726 983 945 1048 scelestissimis
964 982 1140 1047 hominibus
1158 1001 1265 1064 peenas
1278 983 1377 1046 dedit.

282 1080 329 1140 De
342 1097 403 1158 qua
413 1099 504 1147 causa
512 1093 580 1164 post
590 1082 788 1148 disseremus·
796 1084 953 1150 Tribunus
961 1083 1074 1146 deinde
1084 1081 1247 1164 plebisluit
1257 1102 1326 1146 oum
1335 1082 1374 1146 G·

189 1221 192 1228 .
280 1165 1286 1262 Flaviolsimbriaa.satanaspuorerepllsustciefflnnoc.
1302 1179 1376 1257 21).

280 1277 375 1338 Errat
394 1278 600 1342 Schneiderus
618 1279 651 1340 in
669 1281 764 1360 Epist.
783 1283 821 1344 ad
844 1283 1043 1359 Laugcrum‚
1063 1279 1219 1362 premissa
1242 1283 1340 1344 Bruto
1359 1300 1379 1342 a

281 1375 433 1438 Wetzelio
443 1376 536 1448 edito,
553 1395 586 1456 p.
609 1373 746 1450 XXVII,
762 1396 832 1438 cum
844 1377 1002 1440 tribunum
1018 1379 1115 1458 plebis
1130 1399 1159 1440 a.
1177 1379 1249 1451 616,
1265 1377 1378 1458 etjam

280 1471 475 1534 tribunitium
492 1472 574 1534 bello
588 1474 778 1540 Nurnantiuo
792 1474 921 1538 militem
939 1475 1014 1538 facit
1032 1495 1069 1536 ex
1084 1475 1152 1538 Cic.
1169 1477 1216 1536 De
1239 1489 1319 1538 orat.
1343 1477 1377 1546 1,

281 1569 334 1642 to,
354 1568 408 1629 ubi
429 1572 466 1631 P.
482 1571 616 1643 Rutilius
630 1574 672 1634 M.
698 1573 737 1632 F.
757 1571 906 1653 scriptum
925 1585 1035 1636 exstat.
1054 1573 1224 1634 Praeturam
1240 1591 1269 1632 a.
1295 1573 1377 1648 642,

280 1667 471 1730 consulatum
484 1687 554 1730 curn
568 1669 629 1734 Cn.
644 1671 759 1734 Manlio
778 1671 911 1734 Maximo
925 1690 954 1732 o.
977 1669 1037 1736 ott
1055 1668 1198 1743 obtinuit,
1221 1686 1291 1730 eum
1305 1683 1380 1732 ante

281 1766 356 1828 duos
368 1786 467 1830 annos
473 1788 544 1836 curn
554 1769 596 1832 M.
607 1769 725 1831 Scauro
736 1780 860 1850 peteme
872 1779 1068 1850 comparatus
1080 1768 1234 1850 repulsam
1244 1767 1378 1830 tulisset.

281 1867 348 1928 Hoc
364 1866 449 1928 enirn
463 1867 502 1926 ad
519 1867 698 1939 secundum,
714 1887 778 1932 non
793 1867 926 1948 primum
943 1867 1054 1930 Scauri
1073 1866 1266 1930 consulatum
1280 1864 1378 1946 perti·

281 1983 376 2037 uere,
396 1962 484 2044 cujus
499 1977 636 2045 tempore
655 1965 709 2028 rix
731 1965 931 2028 tribuniciam
954 1977 1075 2028 etatem
1104 1963 1238 2028 Rutilius
1262 1963 1379 2026 habere

191 2143 194 2150 ,
280 2059 392 2143 potuit,
410 2059 491 2121 bene
506 2061 634 2140 Pighius
646 2063 780 2124 ostendit
797 2065 882 2124 Ann.
894 2064 958 2126 rol.
977 2063 1032 2136 lll,
1046 2081 1079 2143 p.
1098 2061 1169 2126 134.
1186 2063 1223 2124 lu
1239 2079 1300 2140 quo
1315 2079 1379 2122 rna·

280 2159 413 2238 gistratu
426 2177 497 2221 cnm
511 2158 631 2238 collega
649 2179 668 2220 a
682 2158 817 2222 Cimbris
829 2158 950 2238 ingenti
959 2171 1064 2237 strage
1075 2159 1158 2224 iustu
1169 2169 1259 2234 esset,
1272 2175 1379 2221 omnes

281 2257 379 2319 ltaliae
393 2256 533 2338 juniores
551 2269 745 2320 sacramento
769 2255 895 2336 adigere
914 2255 1026 2338 jussos,
1051 2257 1096 2319 rei
1118 2269 1222 2320 tamen
1238 2255 1381 2336 gerendas

280 2356 443 2418 occasione
458 2355 571 2420 caruit.
592 2357 669 2416 'lum
683 2354 817 2437 primum
833 2366 866 2416 et
879 2354 919 2416 ab
933 2354 992 2416 hoc
1007 2356 1132 2418 consule
1148 2355 1266 2417 tirones
1279 2366 1378 2416 artem

221 2446 226 2458 '
280 2473 368 2516 arma
378 2455 532 2518 tractandi
545 2453 769 2534 gladiatoribus
784 2453 942 2517 arcessitis
955 2454 1102 2534 didicere.

323 2553 534 2637 lnbujus.viri
548 2555 724 2619 constantia
737 2567 778 2616 et*
787 2554 882 2620 anirni
896 2555 1108 2634 magnitudine
1124 2554 1288 2628 laudanda,
1307 2551 1379 2614 dum

280 2656 339 2737 ipsi
349 2658 458 2720 similis
465 2657 566 2720 videri
577 2658 676 2742 eupit,
687 2657 720 2718 in
730 2657 838 2739 primis
845 2657 984 2738 copiosus
993 2671 1040 2722 est
1049 2655 1176 2730 Seneca,
1188 2655 1268 2736 apud
1277 2674 1378 2735 quem,

281 2770 392 2836 practer
403 2759 472 2820 loca
486 2759 743 2838 aSpaldingioad
752 2757 886 2839 Quintil.
903 2759 943 2830 V,
959 2757 991 2832 2,
1006 2757 1026 2818 1
1041 2757 1183 2828 collecta,
1206 2774 1237 2814 v.
1251 2753 1375 2820 Consul.

281 2858 320 2918 ad
334 2859 432 2920 Marc.
446 2878 475 2920 c.
489 2857 542 2930 22,
559 2860 607 2920 De
618 2860 794 2940 provident.
807 2879 837 2920 c.
850 2860 881 2920 3.
894 2860 939 2920 Ne
952 2857 1066 2920 frustra
1080 2855 1227 2933 colligere
1238 2866 1378 2919 auctores

280 2952 453 3030 videamur,
470 2956 545 3018 duas
558 2955 707 3016 maximas
720 2973 838 3028 causas,
854 2955 889 3014 in
904 2951 1011 3033 quibus
1026 2965 1169 3016 versatus
1178 2961 1235 3027 est,
1250 2951 1376 3032 judicia·

280 3049 326 3110 les
339 3051 578 3115 consideremus.
594 3050 703 3112 Altera
717 3061 774 3124 est,
792 3051 872 3129 quod
883 3051 924 3110 Μ.
938 3049 1086 3112 Scaurum
1096 3049 1289 3128 designatum
1303 3068 1374 3110 eon·

280 3149 378 3214 sulem
391 3151 456 3232 ipse
466 3151 603 3232 repulsus
616 3152 654 3212 de
669 3148 787 3212 ambitu
796 3149 972 3232 postulavit,
987 3151 1143 3214 referente
1156 3149 1223 3214 Cic.
1239 3151 1272 3210 in
1284 3151 1372 3214 Brut.

282 3273 310 3314 c.
327 3251 378 3327 30,
394 3251 464 3313 113.

325 3354 361 3414 ln
375 3373 435 3433 qua
453 3371 629 3417 causacum
643 3366 781 3416 austerus
795 3352 859 3434 ipse
874 3371 973 3436 neque
994 3353 1149 3418 blanditus
1163 3353 1305 3433 cuiqnam
1328 3352 1378 3415 ad·

281 3469 389 3514 versus
402 3449 557 3512 hominem
568 3449 603 3513 iu
617 3448 745 3512 durate
755 3449 1000 3532 potentissimum
1013 3449 1128 3512 frustra
1142 3447 1323 3522 laborasset,
1339 3448 1377 3515 ,ab

281 3547 336 3611 reo
347 3547 485 3612 absoluto
500 3566 570 3611 mox
582 3547 720 3612 eamdem
741 3547 894 3614 actionem
908 3567 1071 3629 perpessus
1095 3558 1152 3608 est.
1176 3547 1215 3608 ln
1227 3545 1285 3608 hoe
1300 3541 1379 3625 peri

281 3649 350 3710 culo
373 3648 551 3730 repellendo
571 3649 667 3712 multa
684 3647 833 3711 Rutilium
851 3648 1003 3712 industria
1016 3645 1107 3712 luisse
1135 3646 1254 3721 dieunt,
1282 3663 1376 3726 eaque

281 3747 420 3826 gratiore
438 3747 517 3829 quod
531 3747 612 3812 idem
627 3767 772 3828 magnum
783 3766 894 3808 munus
914 3747 953 3808 de
971 3744 1045 3824 jure
1058 3745 1265 3826 respondendi
1288 3741 1374 3806 susti·

283 3855 384 3906 neret.
404 3844 568 3906 Absolutus
582 3843 678 3923 igitur
686 3845 768 3906 haud
778 3844 872 3904 dubie
885 3854 918 3904 et
927 3841 998 3924 jure
1017 3843 1141 3915 merito,
1154 3841 1235 3921 quod
1249 3838 1378 3904 mirmur

284 3945 318 4008 in
332 3967 402 4013 eum
414 3945 548 4010 conficta
562 3950 680 4010 summa
695 3947 837 4008 veritatis
848 3942 1048 4006 similitudine
1058 3943 1092 4006 in
1107 3952 1316 4006 aceruatorem
1332 3960 1376 4002 re·

283 4048 422 4130 torqueri
435 4059 620 4131 potuerunt;
637 4047 716 4128 quod
733 4046 897 4107 advocatus
913 4042 1023 4106 Rutilii
1035 4042 1219 4106 boeussime
1237 4041 1321 4114 iecit,
1339 4042 1375 4102 C.
1429 4035 1432 4043 '

284 4145 407 4222 Canius,
434 4165 526 4226 eques
542 4146 630 4208 Rom.
654 4145 762 4206 Exstat
775 4140 890 4204 metum
905 4140 973 4206 Cic.
991 4143 1040 4204 De
1065 4155 1144 4204 orat.
1163 4145 1208 4216 ll,
1235 4143 1288 4218 69,
1305 4139 1375 4206 280.
1462 4149 1463 4230 1
