2934 4846
762 349 806 420 to

240 483 383 552 salicetus
396 501 443 550 est
456 488 491 550 L.
503 489 607 552 Cassio
616 484 646 561 *,
657 509 687 550 a.
706 487 767 551 646
782 511 800 551 a
813 490 968 569 Tigurinis
982 492 1015 553 in
1029 491 1137 574 pmelio
1151 482 1343 566 interfecto;

239 591 277 651 de
291 609 351 670 quo
364 589 482 654 honore
496 589 651 652 dubitasse
665 589 820 654 Bressium
839 592 952 654 nollem
971 611 1003 674 p.
1031 592 1105 656 251.
1127 593 1188 658 Sed
1209 591 1344 675 dejecto

240 688 438 772 competitore
447 690 484 748 P.
501 687 627 762 Rutilio,
642 687 836 752 nobilissimae
850 691 1055 766 contentioni,
1071 693 1203 754 ambitus
1218 711 1299 754 reus
1310 705 1346 753 et

238 805 444 854 accusatorem
463 805 550 848 sunm
564 788 672 850 eodem
684 788 747 850 telo
766 803 885 871 petens,
899 791 1002 854 locum
1015 791 1124 868 dedit,
1135 796 1173 857 de
1187 813 1248 876 quo
1265 813 1347 854 mox

238 889 363 952 uberius
370 887 547 948 disseretur.
561 885 635 949 Post
646 885 711 947 haec
725 885 870 970 princeps
888 888 1049 950 senatoriae
1066 892 1226 954 sententias
1234 891 1345 954 maxi·

238 988 296 1050 mis
309 986 342 1046 in
357 983 450 1044 rebus
470 995 621 1056 versatus,
636 982 670 1044 in
684 985 792 1066 primis
809 987 1004 1068 Jugurthinoe
1015 986 1140 1050 invidiae
1150 1001 1182 1051 et
1194 989 1276 1051 belli
1294 1007 1345 1050 so·

240 1087 326 1150 cialis
336 1075 462 1148 excitati
472 1085 593 1168 culpam
606 1085 762 1163 sustinuit,
784 1089 922 1170 quamvis
940 1089 1102 1173 prudentia
1115 1103 1148 1151 et
1161 1089 1344 1153 dissimula·

239 1185 323 1246 tione
333 1183 406 1245 satis
417 1195 526 1246 tectus.

283 1281 334 1345 29.
357 1281 416 1343 Tot
427 1295 498 1343 sunt
512 1293 655 1343 ueterum
668 1281 777 1342 deboc
797 1284 866 1343 viro
880 1282 1066 1356 testimonia,
1081 1297 1116 1344 ut
1126 1282 1222 1365 ‘hujus
1235 1282 1347 1347 aetatis

239 1378 369 1442 neminis
383 1377 465 1440 lama
481 1379 521 1440 sit
544 1378 703 1440 illustrior.
721 1377 868 1452 Moribus,
888 1378 916 1438 si
933 1377 1080 1443 Ciceroni
1094 1383 1225 1457 credas,
1252 1381 1344 1444 nihil

239 1477 385 1550 sanctius,
409 1477 489 1539 nihil
502 1478 636 1556 gravium,
657 1477 736 1538 nihil
750 1477 905 1556 antiquius
919 1476 987 1540 tuit.
1010 1479 1053 1538 At
1071 1477 1242 1554 Sallustius,
1258 1485 1344 1562 Jug.

212 1635 215 1644 .
241 1599 270 1641 c.
291 1577 341 1654 15,
367 1591 398 1640 et
419 1575 459 1638 ab
483 1578 542 1639 hoc
563 1588 722 1659 respectus
737 1577 1030 1652 fortasseLuoilius,
1054 1578 1236 1642 Saturarum
1249 1580 1350 1646 'libri

241 1675 369 1740 secundi
385 1675 578 1754 fragmentis,
598 1675 715 1754 ingenii
733 1675 977 1756 magnitudinem
993 1695 1062 1737 curn
1082 1695 1120 1737 ea
1140 1695 1259 1738 morum
1284 1675 1348 1738 tal·

236 1773 317 1836 lacia
327 1772 467 1856 junctam
482 1771 584 1846 luisse,
602 1781 638 1831 ut
650 1772 753 1853 specie
767 1772 921 1834 virtutum
938 1772 1071 1854 pessima
1091 1773 1168 1835 vitia
1190 1785 1345 1852 tegeren-

239 1887 302 1948 tur,
318 1872 411 1935 etille
424 1871 546 1950 quidem
559 1889 665 1932 rerum
679 1872 881 1947 documentis,
905 1872 1166 1932 demonstrarunt.
1182 1874 1260 1933 Nam
1280 1893 1343 1934 ne·

239 1991 299 2052 que
311 1968 466 2031 Africanae
484 1967 646 2046 legationis
664 1985 763 2047 neque
792 1968 968 2048 questionis
983 1967 1023 2028 de
1041 1967 1109 2045 lege
1123 1967 1258 2028 Mamilia
1273 1987 1343 2048 me-

205 2133 208 2147 ,
240 2071 337 2132 moria
357 2066 591 2143 obliterabitur,
610 2079 644 2129 et
659 2069 771 2131 acerbo
792 2069 956 2132 avaritiam
977 2067 1277 2149 maledicto'objccit
1299 2069 1339 2132 C.

239 2166 399 2230 Memmius
412 2167 491 2246 apud
505 2165 572 2226 Cio.
586 2165 634 2226 De
648 2177 728 2226 orat.
749 2167 795 2238 11,
818 2167 873 2243 70;
896 2177 928 2227 et
942 2181 1069 2254 magnas
1085 2164 1148 2226 filio
1162 2166 1341 2229 hereditate

237 2263 363 2326 relictas
374 2263 497 2324 divitias
507 2263 767 2323 cermmvidetur.
782 2265 834 2337 At,
847 2282 912 2344 quae
919 2281 1037 2324 summa
1044 2261 1190 2324 Ciceroni
1197 2265 1263 2324 laus
1274 2277 1340 2337 est,

238 2359 380 2422 omnibus
395 2357 575 2420 seditiosisa
588 2359 735 2421 Graccho
750 2361 789 2420 ad
800 2359 841 2442 Q.
863 2361 991 2423 Varium
1006 2359 1145 2431 obstitit3
1160 2379 1258 2440 neque
1273 2363 1342 2423 cul-³

238 2461 357 2542 pandus
381 2458 503 2532 (hcero,
528 2459 610 2539 quod
633 2458 793 2521 seditiosos
816 2461 931 2524 dixerit
956 2459 1343 2544 (0ffi0.1,22‚·0r.pr0

237 2556 340 2620 Sextio
351 2575 380 2620 c.
401 2557 469 2642 ll).
481 2547 561 2618 Nam
579 2566 646 2636 lest
658 2557 817 2619 Gracchos
830 2577 924 2620 nemo
940 2557 1151 2640 sinepessima
1167 2557 1346 2638 cupiditate

238 2653 478 2736 popularislirit.
501 2656 657 2716 Preterea
677 2655 875 2719 severitatem
897 2659 1092 2718 commendat
1109 2656 1177 2720 Cic.
1199 2652 1290 2717 othe.
1313 2657 1342 2729 l,

239 2755 380 2829 80,Va1.
404 2757 484 2816 Max.
503 2756 547 2827 V,
568 2756 600 2828 8,
625 2742 713 2830 4,''de
725 2755 789 2817 iilic
804 2757 943 2836 graviter
961 2758 1108 2836 castigato
1124 2766 1345 2832 argumentum
1398 2813 1406 2825 .

236 2850 437 2934 petens'(non
456 2837 610 2912 luxurioso
632 2849 698 2920 illo,
720 2853 758 2912 de
772 2871 832 2930 quo
846 2856 959 2915 Ascon.
982 2856 1019 2914 ad
1033 2855 1125 2914 Verr.
1141 2853 1167 2926 l,
1191 2850 1223 2921 4,
1251 2863 1284 2912 et
1306 2854 1344 2914 in

239 2966 359 3027 argum.
373 2947 430 3010 Or.
445 2966 505 3028 pro
517 2946 645 3018 Scauro,
660 2946 742 3006 Plin.
760 2949 799 3006 H.
818 2949 857 3008 N.
875 2949 961 3022 Vlll,
980 2951 997 3009 5
1011 2961 1043 3010 'et
1058 2949 1115 3021 263
1132 2946 1278 3022 XXXII,
1299 2951 1341 3027 73

244 3049 389 3124 XXXVI,
408 3047 460 3132 2),
477 3047 544 3110 Cic.
562 3049 623 3108 Pro
636 3047 757 3108 Fontei.
775 3069 802 3110 c.
827 3051 843 3110 7
864 3062 896 3111 et
910 3051 940 3126 83
958 3063 990 3112 et
1003 3071 1042 3112 ex
1054 3071 1090 3112 eo
1103 3051 1185 3113 idem
1199 3051 1344 3114 Valerius

243 3149 268 3210 l.
282 3168 311 3209 c.
328 3147 391 3210 Sed
401 3161 471 3206 cum
485 3145 597 3206 inultus
607 3144 742 3206 omnium
760 3143 902 3206 ordinum
915 3145 1043 3208 haberet
1054 3147 1206 3222 inimicos,
1222 3147 1256 3207 in
1268 3165 1342 3228 per·

240 3245 340 3328 petnis
347 3241 552 3305 simultatibus
563 3239 734 3304 consenuit.
749 3239 859 3305 Cicero
869 3243 916 3306 De
923 3263 1012 3327 prov.
1021 3265 1098 3307 coss.
1110 3266 1139 3305 c.
1153 3247 1184 3315 8,
1195 3241 1297 3307 eron.
1309 3245 1338 3319 l,

244 3343 296 3416 22,
318 3341 417 3404 Mario
437 3339 596 3400 inimicum
618 3339 729 3416 relert3
750 3343 991 3422 repetundarum
1004 3341 1183 3404 rensiactus
1197 3356 1244 3405 est
1261 3362 1279 3403 a
1295 3343 1339 3401 M.

243 3445 360 3516 Bruto,
390 3459 479 3522 quem
499 3443 690 3504 accusatoria
714 3443 778 3504 vita
799 3463 818 3504 a
840 3443 1009 3526 majoribus
1032 3444 1224 3521 degenerem·
1238 3442 1342 3504 multis

245 3542 324 3606 locis
341 3541 452 3605 Cicero
461 3539 653 3630 ¹diflamarit3
666 3541 702 3602 in
714 3561 774 3622 qua
792 3559 883 3603 causa
897 3542 1054 3605 orationes
1072 3539 1218 3622 utrinque
1230 3540 1344 3602 habite
1391 3549 1394 3554 “

244 3641 378 3705 Charisii
392 3656 529 3725 ternpore
539 3642 713 3704 exstabant.
730 3643 850 3704 Deinde
862 3641 978 3724 judicia
988 3639 1083 3700 subiit
1097 3662 1114 3702 a
1129 3641 1187 3704 Cn.
1205 3642 1342 3704 Domitio

244 3739 324 3802 trib.
342 3739 406 3822 pt,
423 3741 465 3824 Q.
481 3741 639 3823 Caepione,
660 3740 701 3823 Q.
727 3739 861 3803 Vario...
884 3737 1020 3800 Omnino
1042 3755 1120 3820 saepe
1133 3739 1343 3821 periclitatum

248 3837 400 3900 Asconius
426 3838 596 3901 adnotavit.
620 3839 697 3898 Erat
725 3848 826 3897 autem
847 3833 1024 3895 Domitiana
1049 3836 1203 3898 accusatio
1225 3853 1279 3910 ea,
1308 3847 1343 3895 ut

283 4067 370 4124 ‘Non
391 4073 424 4142 Q.
449 4069 598 4124 Hortensio.
623 4065 692 4119 Huic
709 4065 779 4119 enim
801 4048 984 4138 suffectusla.
1006 4069 1040 4120 U.
1061 4063 1127 4136 645)
1153 4065 1190 4119 M.
1216 4068 1341 4122 Aurelius

251 4155 374 4212 Scaurus.
432 4153 435 4160 '
