2934 4846
790 357 834 432 ao

268 496 366 557 terius
382 496 481 575 gloria
502 498 592 562 alteri
617 517 743 580 prorsus
767 497 914 561 officeret.
946 503 1031 565 Gens
1054 481 1246 582 Sempronia,
1271 497 1356 581 cujus

153 665 155 672 y
267 607 394 655 stemma
405 593 716 676 habentGlandorp.‚
733 609 765 657 et
785 596 890 674 Sigon.
907 597 946 658 ad
962 596 1031 658 Liv.
1047 600 1099 670 1v‚
1119 594 1172 670 lt,
1184 606 1250 655 tum
1263 595 1356 676 patri·

268 693 327 770 cia,
343 706 547 773 cognomento
561 696 775 758 Atratinorum
790 697 857 770 luit,
882 695 968 777 cujus
980 711 1048 780 post
1066 717 1096 760 a.
1113 696 1176 759 850
1189 715 1262 756 rara
1276 715 1356 757 meu·
1465 701 1466 738 ἒ

158 777 164 788 “
267 793 311 856 tio
325 804 389 866 est;
404 807 468 854 tum
483 792 604 874 plebeia
623 794 714 873 longe
727 795 908 871 clarissima,
924 797 1108 874 longorum,
1124 793 1355 864 Tuditanorum,

266 894 477 954 Gracchorum
502 893 686 972 imaginibus
709 893 845 956 illustris.
874 896 1088 959 Gracchorum
1119 913 1289 974 cognomen
1318 893 1355 956 ab
1465 883 1466 886 ¹

266 994 369 1074 AEqnis
380 996 569 1077 desumptum
580 997 681 1058 videri
694 1009 807 1080 potest,
819 988 988 1078 apud'quos
1001 997 1044 1081 (v.
1060 997 1129 1060 Liv.
1147 999 1206 1069 lll,
1224 995 1285 1076 25)
1298 996 1355 1059 lor·

265 1103 345 1153 tasse
367 1094 565 1174 praenominis
590 1095 689 1156 instar
712 1094 786 1165 luit,
815 1107 849 1156 ut
873 1096 970 1158 multa
993 1081 1131 1158 aeterum
1155 1095 1355 1177 praenomina,

266 1189 420 1272 Agrippa,
438 1192 585 1263 Postumi,
605 1192 740 1272 Vopisci,
757 1193 855 1265 Tulli,
869 1195 942 1254 htti
963 1213 990 1254 s.
1022 1197 1100 1254 htt'ae
1117 1192 1152 1254 in
1175 1193 1357 1271 cognomina

266 1287 419 1350 abierunt.
447 1291 542 1350 Pater
567 1286 615 1348 Ti.
646 1287 843 1369 Sempronius
866 1289 913 1349 Ti.
939 1291 974 1349 F.
993 1291 1154 1353 Gracchus
1177 1309 1239 1352 uon
1262 1289 1358 1369 magis

264 1386 380 1446 duobus
394 1385 602 1446 consulatibus
621 1396 654 1445 et
669 1403 800 1445 censura
815 1385 965 1464 rebusque
988 1387 1021 1446 in
1048 1388 1198 1469 Hispania
1211 1386 1280 1470 pari
1298 1386 1357 1448 ior·

264 1482 396 1543 titudine
410 1493 442 1543 et
455 1482 619 1542 sanctitate
627 1480 719 1558 gestis
729 1481 858 1559 insignis
872 1501 962 1562 quam
973 1481 1069 1543 nobili
1081 1503 1150 1543 cum
1163 1481 1358 1564 Scipionibus

264 1581 417 1642 simultate
432 1581 580 1662 deposita.
604 1579 757 1660 Eloquens
773 1600 836 1642 nou
859 1579 927 1643 luit.
943 1583 1019 1643 Nam
1038 1582 1138 1665 major
1152 1582 1311 1645 Ciceronis
1324 1584 1357 1645 in

264 1676 346 1739 libro
357 1679 493 1739 Deorat.
509 1680 534 1753 l,
554 1678 584 1753 9,
602 1677 672 1738 coll.
687 1699 715 1740 c.
732 1674 786 1752 48,
799 1679 966 1740 auctoritas
981 1700 1070 1760 quarn
1084 1681 1118 1742 in
1132 1683 1227 1742 Bruto
1248 1700 1277 1742 c.
1304 1681 1356 1756 21,

265 1796 324 1857 quo
336 1777 406 1839 'loco
422 1796 527 1838 ornnes
541 1775 660 1838 nobiles
671 1777 848 1857 eloquentes
861 1777 949 1840 luisse
959 1771 1121 1841 ostendeie
1131 1780 1226 1861 cupit.
1240 1779 1358 1842 Contra

264 1871 321 1934 lilii
334 1873 493 1949 lecemnt3
516 1893 579 1936 nou
594 1872 716 1955 quidem
730 1874 925 1955 prudentiam
940 1876 1063 1939 civilem
1078 1895 1148 1938 cum
1162 1897 1243 1939 rana
1265 1895 1358 1958 popa·

264 1967 377 2030 larium
400 1969 557 2032 hominum
583 1969 681 2048 gloria
705 1983 937 2052 permutantes,
958 1975 1012 2034 sed
1033 1973 1113 2036 alter
1133 1985 1236 2035 tamen
1258 1975 1359 2036 minus
1465 2031 1466 2036 ,

263 2071 444 2150 prudenter,
470 2071 550 2134 alter
569 2070 698 2132 nimium
721 2071 870 2134 iracunde
888 2075 921 2133 in
946 2073 1097 2155 procellas
1121 2073 1240 2157 ruentis
1257 2075 1358 2156 reipu-

264 2169 356 2232 blicae
367 2170 541 2252 praecipites
551 2167 616 2231 dati
628 2169 787 2233 interiere.
808 2174 881 2233 Post
897 2193 948 2234 eos
962 2192 1036 2234 rara
1050 2175 1265 2237 Gracchorum
1276 2193 1358 2235 men·

263 2267 324 2346 tio;
345 2280 377 2330 et
397 2269 521 2330 ridetur
540 2287 690 2329 consensu
712 2267 883 2330 nobilitatis
898 2269 1022 2330 infausti
1040 2271 1173 2331 nominis
1186 2290 1261 2349 geas
1275 2291 1293 2332 a
1308 2291 1359 2352 pe·
1465 2335 1466 2338 ,

265 2368 365 2429 tendis
375 2368 543 2430 honoribus
556 2367 718 2430 deterrita.
739 2368 809 2428 Tib.
826 2369 982 2429 Gracchus
995 2372 1216 2432 natusvidetur
1230 2372 1314 2432 circa
1326 2391 1355 2432 a.
1380 2429 1382 2434 .

265 2461 339 2541 587,
356 2477 410 2526 aut
434 2465 506 2540 589,
524 2485 594 2526 oum
608 2475 740 2545 quaestor
751 2465 784 2526 in
802 2466 950 2548 Hispania
963 2465 1057 2528 luerit
1069 2487 1100 2528 a.
1115 2465 1191 2526 oto.
1202 2463 1359 2554 [Fortasse

263 2578 367 2629 tamen
376 2567 440 2650 jam
456 2569 528 2642 585,
551 2568 577 2628 si
589 2567 710 2648 quidem
730 2586 785 2629 suo
800 2587 884 2629 anuo
900 2581 1030 2648 quaestor
1041 2580 1120 2630 erat.
1153 2561 1272 2652 West.]
1289 2565 1357 2628 Tri-

264 2661 423 2737 bunatum,
440 2685 531 2744 quem
551 2675 583 2725 et
596 2665 645 2724 ira
658 2661 820 2724 hostiliani
833 2663 957 2726 loederis
971 2663 1085 2726 sublati
1100 2665 1245 2726 incensus
1255 2674 1286 2725 et
1296 2663 1358 2745 ple·

264 2762 313 2822 bis
325 2762 531 2827 infortunium
546 2765 709 2826 miseratus
729 2785 758 2825 a.
777 2763 838 2826 620
858 2766 961 2844 gessit,
986 2785 1047 2826 non
1061 2764 1286 2836 enarrabimus,
1307 2783 1358 2826 ne·

265 2880 323 2940 que
337 2864 523 2943 copiosiores
541 2881 640 2944 neque
654 2863 880 2942 eloquentiores
893 2864 988 2928 futuri
1009 2863 1187 2934 Plutarcho,
1204 2861 1356 2945 Appiano,

266 2957 396 3032 Velleio,
417 2960 494 3021 aliis.
522 2961 580 3020 Hic
595 2977 664 3020 cum
684 2959 780 3018 fratre
793 2957 873 3018 solus
887 2978 927 3018 ex
946 2957 1104 3021 duodecim
1120 2959 1268 3040 partubus
1286 2959 1357 3020 reli·
1405 3009 1414 3020 ,

265 3077 342 3137 quus
356 3055 490 3140 (Seneca
513 3059 636 3122 Consol.
662 3058 701 3118 ad
723 3058 819 3118 Marc.
839 3077 869 3118 c.
887 3057 941 3132 163
966 3059 1125 3122 Plutarch.
1152 3059 1224 3123 Vita
1248 3079 1278 3123 o.
1308 3060 1354 3144 1),

264 3153 298 3214 in
311 3151 430 3231 gremio
440 3155 548 3216 matris
562 3155 707 3216 educatus
717 3151 876 3232 ingenium
884 3155 975 3235 longe
985 3157 1268 3238 prestantissimum
1278 3155 1359 3218 illius

266 3255 485 3319 consuetudine
499 3269 530 3318 et
539 3255 712 3316 lectissimis
723 3255 876 3334 magistris
891 3259 1044 3320 eruditum
1057 3257 1178 3320 habuit.
1191 3258 1358 3338 Utriusque

265 3357 313 3418 rei
327 3359 460 3420 exomni
474 3358 656 3440 antiquitate
679 3369 772 3418 testes
785 3372 867 3420 sunt.
881 3359 1055 3422 Videantur
1067 3359 1135 3422 Cic.
1158 3361 1246 3422 Brut.
1260 3381 1289 3422 c.
1303 3359 1356 3432 tt,

268 3451 413 3528 103,etc.
427 3455 478 3529 58,
491 3453 563 3528 211,
584 3455 632 3514 De
643 3455 862 3536 haruspresp.
876 3477 904 3518 c.
925 3459 975 3531 19,
988 3455 1120 3539 Quintil.
1138 3457 1165 3532 l,
1184 3460 1211 3532 l,
1229 3461 1259 3533 6,
1272 3453 1354 3517 Plin.

265 3554 343 3634 Epp.
359 3557 385 3628 l,
407 3554 461 3631 20,
479 3555 661 3618 Plutarchus
674 3552 708 3615 in
724 3551 796 3616 Vita
816 3577 844 3617 c.
866 3559 896 3619 8.
919 3560 959 3620 Hi
982 3559 1021 3619 de
1034 3555 1170 3636 ingenio,
1190 3559 1228 3620 de
1248 3556 1358 3619 matris

238 3677 242 3682 ·
265 3653 431 3732 elegantia,
449 3658 487 3717 de
507 3655 668 3738 Diophane
682 3656 855 3740 Mitylenoeo
869 3657 1018 3736 magistro
1039 3659 1246 3720 consentiunt.
1263 3661 1356 3736 Egre-

265 3751 347 3828 gium
370 3754 408 3815 de
427 3753 579 3816 Corneliae
594 3755 696 3816 animo
722 3766 754 3815 et
769 3755 849 3816 culto
865 3754 988 3816 dicendi
1006 3774 1120 3832 genere
1144 3759 1358 3818 documentum

264 3849 400 3929 Epistola
411 3853 504 3913 estad
515 3852 622 3925 Caium
635 3851 733 3912 filium
745 3852 871 3932 scripta,
886 3861 919 3908 ut
935 3870 1005 3910 eum
1020 3871 1038 3911 a
1052 3849 1212 3913 tribunatu
1226 3852 1358 3930 petendo

265 3947 454 4026 deterreret;
470 3961 570 4010 exstat
580 3949 663 4010 inter
677 3947 815 4009 Cornelii
823 3946 949 4027 Nepotis
963 3946 1145 4026 lragmenta.
1162 3949 1209 4006 De
1222 3965 1281 4026 qua
1295 3965 1357 4008 uon

264 4059 351 4108 recte
363 4046 484 4126 quidam
500 4048 641 4109 dubitare
651 4045 807 4106 videntur.
826 4038 927 4127 [luter
939 4046 995 4108 hos
1004 4046 1137 4108 inaximo
1150 4047 1358 4110 memorabilis

226 4212 229 4221 ,
270 4145 411 4229 Longius,
428 4143 826 4234 inhctisSeminariiLips.
843 4147 903 4208 vol.
918 4149 961 4224 ΙΙ,
979 4168 1008 4232 p.
1029 4149 1084 4210 l'll
1101 4167 1167 4229 sqq.
1186 4148 1353 4212 Westarm.
