2904 4840
743 381 807 453 108

150 529 152 539 ’
225 517 427 593 conveniens,
440 529 473 579 ct
489 517 536 580 illi
555 530 697 582 auctores
710 521 858 601 meandi
872 531 955 593 sunt,
973 519 1026 602 qui
1040 539 1110 582 cum
1124 521 1161 580 t.
1172 515 1277 600 Scipio
1294 528 1332 579 et

225 626 384 678 accusatus
398 626 431 677 et
444 615 606 678 damnatus
626 618 667 678 sit
688 617 827 699 peoumoe
846 631 944 700 captat
963 619 1003 680 ab
1024 636 1115 696 ruge,
1135 614 1271 694 legatum
1294 613 1331 674 in

222 713 347 776 Etruria
366 711 460 774 fuisse
481 713 663 776 Africanum
685 718 832 778 traduntz
856 735 915 795 quo
937 729 1008 798 post
1027 715 1139 778 lamam
1160 715 1198 776 de
1218 711 1332 774 fratris

223 829 297 874 casu
309 809 451 882 allatam,
475 810 586 872 relicta
599 809 755 896 legatione
769 810 944 876 cucurrisse
957 833 1027 876 eum
1043 814 1189 888 Romam3
1206 820 1239 872 et
1254 829 1330 872 cum

223 917 346 992 aportat
361 921 448 972 recta
468 911 507 970 ad
523 909 624 972 lorum
638 931 669 974 se
684 912 878 984 contulisset,
895 912 1023 992 quadiu
1039 910 1163 974 vincula
1177 908 1249 972 duci
1260 908 1329 970 fra·

221 1018 304 1068 trem
318 1004 434 1066 dietum
448 1020 527 1082 erat,
544 1008 693 1090 repulisse
707 1028 726 1070 a
741 1028 872 1091 corpore
886 1008 954 1089 ejus
969 1009 1178 1082 uiatorem,et
1191 1005 1331 1068 tribunis

221 1105 432 1169 retinentibus
441 1107 540 1187 magis
552 1107 603 1190 pie
614 1129 706 1190 quam
717 1107 1055 1174 civiliterrimlecisse.
1073 1109 1155 1172 llino
1166 1106 1332 1188 cnimipse

221 1210 385 1273 Gracchus
399 1210 549 1291 queritur,
567 1207 746 1272 dissolutam
766 1231 832 1272 esse
852 1231 871 1273 a
891 1213 1015 1294 privato
1030 1209 1224 1274 tribunitiam
1239 1221 1330 1290 pote-

220 1321 347 1386 statem,
370 1321 403 1372 et
416 1311 455 1371 ad
470 1322 678 1390 postremum,
695 1330 764 1372 cum
780 1310 926 1373 auxilium
940 1312 977 1373 L.
993 1312 1133 1392 Scipioni
1146 1310 1327 1393 pollicetur,

222 1405 330 1488 adjicit
344 1403 563 1468 tolerabilioris
577 1407 710 1487 exempli
723 1426 806 1476 esse,
823 1426 841 1466 a
857 1405 986 1468 tribuno
1002 1407 1103 1487 plebis
1118 1408 1330 1488 potiusquam

222 1525 241 1566 a
253 1505 378 1585 privato
387 1501 502 1566 rictam
509 1501 611 1566 rideri
621 1516 652 1564 et
661 1499 858 1564 tribunitiam
868 1515 1049 1584 potestatem
1061 1517 1091 1566 et
1100 1504 1332 1585 rempublicam
1435 1581 1436 1586 ἵ

221 1620 297 1662 esse.
323 1600 386 1663 Sed
399 1598 443 1660 ita
457 1599 543 1670 hano
553 1619 648 1662 unam
662 1598 728 1680 ejus
741 1601 943 1682 impotentem
959 1599 1106 1680 injuriam
1120 1599 1238 1661 invidia
1254 1622 1333 1663 oue·

221 1713 284 1773 rat,
293 1713 339 1773 ut,
348 1700 554 1783 increpando,
564 1703 645 1782 qnod
654 1701 856 1780 degeneravit
866 1714 1017 1764 tantuma
1027 1721 1061 1763 se
1070 1702 1146 1782 ipse,
1156 1702 1332 1763 cumulatas

221 1799 251 1861 ci
260 1812 381 1862 veteres
393 1799 499 1862 laudes
513 1801 732 1863 moderationis
746 1815 779 1864 et
792 1800 1006 1884 temperantiae
1017 1820 1073 1882 pro
1084 1801 1330 1883 reprehensione

222 1897 369 1980 prasenti
383 1900 506 1962 reddat.
522 1899 714 1980 Castigatum
728 1899 813 1962 enim
828 1900 981 1980 quondam
996 1900 1035 1962 ab
1050 1918 1087 1963 eo
1098 1898 1256 1981 populum,
1268 1899 1326 1975 ait,

223 2002 303 2080 quod
317 2020 388 2062 eum
401 2013 583 2082 perpetuum
597 2001 756 2064 consulem
769 2014 802 2062 et
816 2001 1002 2066 dictatorem
1016 2000 1108 2062 vellet
1120 2001 1236 2074 lacere,
1251 2021 1325 2082 pro-

183 2115 186 2121 ·
220 2102 357 2164 hibuisse
371 2114 488 2164 statuas
501 2102 562 2165 sibi
574 2104 609 2164 in
624 2102 761 2176 comitio,
773 2102 806 2162 iu
816 2103 938 2173 rostris,
951 2102 984 2164 iu
996 2101 1095 2180 curia,
1108 2101 1142 2162 in
1157 2101 1323 2183 Capitolio,

202 2245 205 2255 .
221 2197 255 2262 in
270 2202 350 2264 cella
362 2203 450 2266 loris
464 2204 556 2283 poni,
572 2202 778 2284 prohibuisse,
797 2223 837 2262 ne
852 2204 1091 2276 decerneretur,
1106 2215 1141 2263 ut
1155 2203 1256 2281 imago
1271 2223 1328 2264 sua

221 2302 402 2383 triumphali
416 2314 529 2363 ornatu
547 2323 565 2364 c
585 2304 700 2385 templo
713 2301 803 2364 doris
817 2300 929 2384 optimi
943 2301 1069 2364 maximi
1084 2301 1195 2396 spiret.
1216 2295 1325 2387 [Conl.

222 2413 253 2466 a.
269 2395 337 2488 st]

264 2503 395 2567 Constat
415 2519 501 2581 ergo,
523 2501 697 2566 orationem
718 2503 817 2578 illam,
835 2521 900 2582 quae
915 2501 1084 2576 ferebatur,
1101 2499 1171 2562 Tib.
1187 2499 1328 2562 Gracchi

176 2601 196 2671 5
221 2622 279 2686 pro
286 2605 322 2666 P.
332 2599 477 2681 Scipione
488 2619 564 2675 non,
575 2619 645 2661 cum
657 2599 788 2663 aNaerio
796 2597 884 2664 Trih.
897 2599 939 2680 pl.
950 2598 1166 2673 accusabatur,
1176 2592 1328 2678 scriptam

220 2697 326 2772 luisse,
341 2699 394 2760 sed
407 2719 478 2760 eum
489 2709 673 2780 potestatem
681 2694 879 2760 tribunitiam
892 2695 1073 2758 violaverat.
1088 2694 1178 2777 Quod
1188 2689 1328 2776 pertinet

222 2799 260 2858 ad
272 2816 387 2859 annum
398 2797 441 2861 U.
455 2797 528 2882 566,
542 2816 600 2876 quo
612 2793 755 2858 tribunus
768 2791 868 2877 plebis
880 2807 949 2856 erat
959 2793 1030 2854 Tib.
1043 2790 1218 2855 Gracchus.

265 2890 332 2956 Cic.
355 2894 404 2953 De
424 2903 506 2952 orat.
524 2892 555 2965 l,
582 2895 621 2954 9:
645 2894 710 2971 Ego
731 2911 808 2955 reru
829 2889 857 2952 si
879 2888 1028 2956 solimet
1050 2899 1164 2949 nostrae
1186 2883 1325 2950 civitatis

125 3050 128 3062 ,
223 2987 373 3069 exemplis
387 2985 445 3059 uti,
462 2999 495 3048 et
508 2984 652 3063 aliarum,
670 2988 761 3071 plura
776 2989 918 3070 proferre
933 2981 1049 3069 possim
1064 2980 1254 3046 detrimenta
1271 3003 1327 3063 pu·

222 3086 316 3151 blicis
330 3089 424 3152 rebus
445 3107 537 3168 quam
556 3085 737 3168 adjumenta
754 3111 812 3172 per
831 3087 973 3156 homiues
988 3083 1255 3168 eloquentissimos
1270 3082 1328 3144 im·

222 3199 369 3270 portata:
391 3184 460 3259 sed,
482 3199 519 3274 ut
539 3183 660 3268 reliqua
682 3187 936 3271 pretermittam,
964 3182 1101 3248 omnium
1122 3181 1328 3256 mihivideor

223 3285 379 3370 exceptis,
393 3286 522 3359 Crasse,
539 3285 629 3350 vohis
648 3291 766 3354 duobus
785 3285 1053 3370 eloquentissimos
1069 3283 1191 3348 audisse
1206 3283 1276 3345 Tib.
1294 3296 1327 3344 st

166 3407 179 3431 ²
223 3385 260 3449 C.
272 3385 484 3477 Sempronius,
499 3406 627 3465 quorum
635 3404 736 3467 parer,
748 3387 838 3448 homo
852 3387 985 3466 prudens
999 3398 1028 3442 et
1042 3387 1153 3462 gravat,
1168 3380 1326 3465 haudqua-

224 3506 316 3567 quam
330 3481 490 3566 eloquens,
514 3496 546 3546 et
565 3502 644 3566 saepe
668 3482 745 3547 alias
765 3496 797 3546 et
815 3481 949 3544 maxime
964 3499 1077 3542 censor
1105 3477 1197 3548 saluti
1221 3477 1325 3561 reipu-

224 3580 316 3644 blicae
333 3579 401 3646 luit.
425 3585 526 3664 Atque
541 3580 568 3646 is
583 3606 647 3648 non
660 3597 808 3648 accurata
820 3584 950 3662 quadam
965 3576 1118 3640 orationis
1138 3577 1245 3662 copia,
1273 3582 1327 3642 sed

225 3683 307 3746 nude
320 3694 413 3761 atque
426 3684 522 3746 verbo
542 3681 708 3745 libertinos
727 3681 761 3744 iu
781 3681 918 3742 urbanas
936 3678 1036 3739 tribus
1052 3681 1228 3756 transtulit3
1245 3683 1326 3762 quod

225 3777 289 3845 nisi
309 3778 452 3856 lecisset,
475 3779 717 3864 rempublicam,
742 3799 834 3868 quam
848 3797 931 3840 nune
945 3776 999 3838 rix
1018 3788 1176 3856 tenemus,
1194 3778 1259 3860 jam
1274 3779 1327 3850 diu

229 3877 345 3942 nullam
359 3880 555 3944 haberemus.
573 3875 657 3964 [biv.
670 3877 764 3952 XLV,
781 3870 847 3962 l5.]

271 3979 343 4041 Non
360 3981 537 4043 consentire
552 3995 655 4038 secum
675 3973 763 4037 aiunt
786 3976 971 4040 Ciceronem
985 3974 1019 4036 in
1037 3973 1156 4055 judicio
1178 3975 1216 4034 de
1236 3971 1328 4054 hujus

227 4071 291 4136 viri
304 4074 491 4159 eloquentia.
506 4073 568 4137 Sed
587 4074 733 4153 eloquens
747 4073 782 4134 in
792 4075 889 4137 Bruto
904 4071 968 4134 dici
985 4082 1119 4154 poterat,
1135 4083 1331 4153 comparatus

229 4188 299 4232 cum
320 4174 423 4255 Appio
437 4183 470 4234 et
483 4169 645 4235 Menenio:
663 4166 689 4234 si
705 4182 809 4234 autem
823 4179 1026 4254 componetur
1048 4188 1118 4232 cum
1141 4165 1227 4247 filiis,
1249 4171 1328 4232 viris
