2954 4840
784 357 855 434 360

268 501 386 570 rianos,
401 507 552 581 quatenus
564 495 626 560 sibi
639 495 840 560 matrimonia
857 492 940 558 maie
957 491 1116 566 oederent,
1132 507 1374 573 permansurum

268 621 301 663 se
316 603 349 663 iu
362 600 520 674 ooelibatu,
543 619 580 661 ac
602 593 662 660 nisi
684 592 916 679 permansisset,
934 612 997 656 nou
1012 601 1229 656 recusaturum
1249 591 1374 654 confodi

268 701 411 767 manibus
424 703 573 785 ipsorum.

542 905 617 982 CV.
647 905 743 977 Nero
758 897 941 978 Claudius
956 903 1089 978 Caesar.

308 1115 441 1198 Accepit
451 1113 617 1198 imperium
632 1133 660 1175 a.
674 1113 716 1179 U.
730 1109 805 1182 806,
819 1130 850 1193 p.
862 1111 940 1173 Chr.
953 1109 1004 1172 at.

310 1213 396 1280 Suet.
408 1215 526 1276 Neron.
537 1232 566 1275 c.
583 1209 722 1292 izjnpnd
736 1209 877 1271 eumdem
885 1205 1041 1269 consulem
1052 1226 1112 1286 pro
1125 1207 1370 1268 Bononiensibus

266 1311 369 1393 latine,
389 1335 448 1395 pro
466 1313 592 1375 Rhodiis
605 1327 694 1396 atque
706 1308 866 1370 Iliensibus
880 1329 984 1387 graece
998 1307 1191 1389 verbafecit.

308 1414 409 1476 Tacit.
430 1414 515 1473 Ann.
534 1409 611 1480 xtt,
632 1409 692 1470 58:
718 1409 759 1468 D.
781 1405 893 1477 Junio,
917 1406 960 1487 Q.
981 1403 1109 1466 Haterio
1128 1403 1213 1466 Coss.
1238 1401 1280 1486 (a.
1295 1405 1370 1490 806)

266 1511 398 1577 sedecim
412 1530 510 1573 annos
526 1521 616 1572 natus
627 1509 712 1570 Nero
728 1503 906 1579 Octaviam,
927 1504 1057 1567 cesaris
1077 1503 1184 1580 filiam,
1208 1504 1242 1566 iu
1262 1508 1370 1568 matri·

268 1617 406 1678 monium
427 1612 558 1694 accepit.
586 1613 691 1691 thue
715 1605 825 1670 studiis
845 1607 985 1668 honestis
1009 1619 1041 1668 et
1063 1607 1245 1688 eloquentie
1268 1605 1370 1686 gloria

265 1715 443 1784 nitesceret,
467 1729 558 1772 eausa
581 1705 740 1770 Iliensium
755 1719 897 1787 suscepta
910 1703 1083 1765 Romanum
1097 1702 1192 1767 Troia
1205 1705 1369 1766 demissum

169 1827 239 1898 242
266 1829 298 1878 et
309 1812 399 1876 Juliae
412 1806 519 1892 stirpis
533 1817 692 1868 auctorem
707 1805 825 1866 AEuean
841 1799 963 1882 aliaque
977 1801 1058 1862 haud
1070 1802 1180 1884 procul
1194 1801 1306 1862 rabulis
1319 1821 1368 1863 ve.

266 1927 335 1975 tera
345 1909 646 1972 facundeexsecutus
656 1902 815 1984 impetrat,
828 1911 863 1960 ut
874 1896 1230 1980 Iliensesomnipublico
1241 1915 1369 1961 munere

266 2014 473 2075 solverentur.
490 2005 605 2066 Eodem
615 2015 742 2065 oratore
751 1999 942 2062 Bnnonmnst
952 1998 1105 2061 calonne
1096 2017 1163 2078 lgm
1153 1999 1291 2061 baustte
1299 1999 1367 2060 sub

266 2124 394 2172 ventum
405 2100 525 2168 centies
537 2098 673 2164 sestertii
686 2100 864 2177 largitione.

307 2204 393 2266 Suet.
408 2205 484 2263 Ner.
498 2220 526 2261 c.
540 2199 579 2260 tt
593 2224 601 2259 ε
618 2199 696 2260 Cum
710 2215 748 2258 ex
761 2200 900 2256 oratt‘ono
913 2190 993 2274 ojus,
1004 2213 1064 2278 quo
1078 2198 1111 2251 in
1126 2193 1368 2274 Vindicem²pen

264 2304 389 2378 ombat,
417 2298 604 2364 recitaretur
619 2299 652 2359 in
667 2311 789 2367 senatu,
805 2295 931 2355 daturos
941 2314 1045 2374 ponas
1060 2293 1223 2355 scelerosos
1235 2317 1275 2355 oc
1288 2295 1369 2358 brevi

265 2405 390 2483 dignm
401 2397 673 2476 exitumfirctoros,
685 2393 910 2458 conclamatum
921 2403 969 2452 est
978 2390 1017 2451 ab
1027 2390 1194 2454 universis:
1203 2394 1250 2452 Tu
1258 2392 1368 2469 facies,

266 2505 421 2584 Augustei
909 2493 911 2497 ’

299 2641 325 2688 in
337 2633 489 2698 Vindicem]
499 2628 564 2682 ibid.
575 2645 633 2699 cap.
645 2621 694 2679 40:
707 2625 800 2678 Talem
807 2631 950 2699 prinoipem
957 2627 1051 2697 paullo
1062 2631 1148 2678 minus
1158 2629 1367 2698 quattuordecim

334 2736 417 2772 annos
421 2733 556 2787 perpessas
562 2727 693 2765 terrarum
699 2714 767 2764 orbis
773 2713 878 2763 tandem
887 2714 1010 2775 destituit,
1017 2711 1368 2779 initiumsaot'enttlntsGollis

332 2804 398 2854 duce
409 2799 482 2852 Jnlt'o
497 2799 530 2854 V
526 2799 623 2860 indice,
634 2799 681 2868 qui
693 2806 748 2846 mm
758 2811 817 2846 eom
826 2798 988 2865 provisoriam
997 2813 1048 2866 pro
1058 2806 1168 2867 protere
1179 2795 1320 2847 obtinebat.
1333 2819 1368 2832 -·

334 2883 397 2934 flaec
409 2899 452 2934 res
465 2879 562 2934 accidit
572 2898 597 2930 t.
607 2879 641 2930 tt.
653 2878 714 2930 820.
726 2875 805 2928 Cous.
815 2875 892 2930 Suet.
903 2875 984 2930 Goth.
995 2896 1019 2930 c.
1029 2880 1046 2930 9
1055 2895 1113 2948 sqq.

303 3008 385 3071 tbid.
406 3026 435 3068 c.
455 3005 514 3066 tt:
540 2999 690 3066 Nuntiata
711 3003 838 3064 iuterim
859 3004 955 3066 etiam
977 3017 1154 3067 ceterorum
1169 3006 1365 3067 exercituum

263 3109 433 3175 defectione
436 3151 501 3166 .....
518 3105 607 3168 varia
621 3105 762 3184 agitavit,
778 3107 954 3167 Parthosne
970 3125 1010 3167 an
1025 3106 1160 3171 Galbam
1173 3107 1303 3191 supplex
1316 3127 1367 3190 pe·

262 3223 353 3286 teret,
373 3228 414 3270 an
435 3219 552 3270 atratus
573 3207 716 3289 prodiret
735 3205 769 3266 in
790 3206 967 3288 publicum,
990 3226 1108 3289 proque
1126 3209 1238 3270 rostris
1252 3223 1367 3290 quanta

262 3311 395 3375 maxima
419 3321 522 3392 posset
544 3306 741 3368 miseratione
766 3307 889 3367 veniam
913 3307 1142 3388 preteritorum
1166 3321 1364 3389 precaretur,

262 3431 299 3472 ac
321 3410 357 3470 ni‘
375 3405 512 3470 flexisset
535 3400 673 3478 animos,
696 3403 748 3465 vel
769 3399 893 3487 AEgypti
916 3404 1134 3486 prefecturam
1154 3407 1285 3467 concedi
1306 3404 1366 3466 sibi

261 3516 377 3567 oraret.
410 3506 560 3565 Inventus
582 3503 630 3562 est
650 3511 756 3583 postea
777 3499 811 3559 in
832 3499 950 3561 scrinio
971 3499 1038 3580 ejus
1058 3501 1118 3564 hae
1143 3503 1182 3564 de
1205 3521 1240 3562 re
1261 3521 1366 3562 sermo

261 3603 420 3666 [armatus.
506 3631 508 3636 ·

304 3700 386 3763 lbid.
400 3721 429 3762 c
444 3704 481 3764 9:
503 3697 599 3764 Orsus
622 3719 640 3759 a
662 3699 786 3779 pietatis
802 3694 1009 3760 ostentatione
1023 3699 1182 3760 Claudiam
1197 3697 1366 3783 apparatis·

259 3801 337 3863 simo
351 3798 459 3860 sunere
473 3799 588 3859 elatum
599 3795 732 3856 undavit
746 3795 1013 3876 consecravitque

301 3896 380 3959 lbid
402 3914 433 3956 c
446 3897 504 3958 lit
523 3896 683 3956 Orationes
696 3894 740 3950 ad
753 3907 892 3953 senatum
908 3897 1018 3952 missos
1033 3893 1191 3974 proeterito
1206 3870 1369 3975 questoris

260 3997 361 4061 officio
375 4015 432 4078 per
443 3994 602 4058 'consulem
617 3993 796 4076 plerumque
811 3992 974 4056 recitabat.

302 4100 447 4163 Ceterum
463 4094 541 4160 alias
555 4095 704 4159 Seneeae
695 4095 821 4172 mgenio
834 4112 914 4155 usus
934 4108 980 4157 est
1000 4097 1095 4171 Nero,
1119 4097 1242 4178 quanm
1264 4096 1367 4158 oratio

259 4195 401 4280 habenda
412 4207 491 4258 erat.
505 4190 570 4268 Sic,
583 4203 618 4252 ut
627 4192 726 4254 Tac.
718 4191 949 4267 rnAnn.X111,
961 4193 990 4266 3,
1005 4192 1161 4267 observat,
1174 4192 1365 4255 adnotabant
