2904 4840
612 311 677 380 113

94 455 169 514 dunt
181 451 215 512 in
227 433 389 516 censuram
399 447 467 534 ejus
480 471 487 512 ι
501 451 583 532 quod
594 451 724 516 adversa
735 449 908 524 nobilitate,
923 462 956 511 at
966 469 1076 528 magno
1085 450 1188 534 populi

3 535 6 547 ¹
95 551 202 616 lavore
226 552 347 633 aceepit
367 571 487 614 munus.
512 553 581 635 lpse
597 571 716 614 summa
731 551 930 614 contentione
951 570 1020 613 eam
1034 552 1133 632 petiit,
1157 567 1190 614 nt

93 670 216 713 omnem
228 649 331 712 labem
347 650 482 712 civitatis
496 651 665 732 expelleret
685 661 716 710 et
735 648 903 714 sceleribus
916 644 1067 711 nobilium
1081 667 1187 711 occur·
1221 705 1234 773 l
1240 703 1263 774 0

93 763 190 813 reret.
211 751 288 810 Inde
305 762 421 830 septem
439 763 615 825 senatores,
636 749 784 831 multique
807 748 941 830 equites,
969 768 1045 829 quos
1062 759 1190 828 propter

91 849 209 922 luxum,
231 845 385 924 inertiam,
409 848 623 910 crudelitatem
643 847 878 930 superbiamque
898 849 1018 920 oderat,
1035 847 1104 910 loco
1118 859 1193 908 suut
1246 875 1253 901 ι

94 948 183 1010 moti.
202 947 240 1007 ln
252 943 394 1007 censibus
410 965 529 1026 quoque
544 945 734 1028 accipiendis
752 942 850 1006 tristis
865 957 896 1005 et
908 964 1015 1025 aspera
1035 944 1069 1006 in
1090 963 1197 1006 omnes

94 1045 219 1108 ordines
232 1063 364 1106 censura
376 1042 444 1103 fuit.
463 1045 509 1102 Ac
527 1061 638 1102 munus
655 1039 722 1119 ejus
739 1042 816 1102 adeo
833 1054 954 1120 gratum
975 1056 1195 1124 acceptumque
1266 1113 1274 1120 ⁴

96 1139 210 1224 populo
220 1139 288 1214 fuit,
305 1151 341 1200 ut
351 1137 518 1202 Censorius
527 1147 633 1216 postea
647 1136 870 1200 nominaretur.
887 1139 966 1198 Nam
973 1137 1120 1200 Catonem
1132 1153 1196 1204 tam

93 1241 271 1324 reipublicae
286 1237 415 1300 hercule
437 1237 552 1320 profuit
570 1237 655 1298 nasci
675 1257 766 1318 quam
781 1237 954 1318 Scipionem
975 1259 982 1298 t
1009 1239 1088 1301 alter
1108 1242 1193 1302 enim

94 1358 168 1400 eum
175 1335 315 1398 hostibus
322 1335 435 1396 nostris
448 1334 575 1408 bellum,
591 1335 670 1398 alter
681 1355 751 1397 cum
763 1334 901 1398 moribus
911 1332 1015 1416 gessit,
1032 1350 1067 1398 ut
1077 1338 1197 1401 Seneca

94 1438 249 1523 praedicat
262 1437 296 1498 in
310 1433 408 1518 Epist.
427 1435 610 1519 LXXXVII.

1 1537 2 1546 ’
138 1539 296 1597 Proetcrea
314 1533 391 1596 Cato
414 1545 479 1597 tres
492 1553 625 1597 summas
642 1537 676 1597 in
694 1535 819 1598 homine
833 1555 884 1598 res
898 1535 1074 1617 praestitisse
1093 1539 1196 1608 existi·

1 1659 2 1686 ;
97 1649 209 1710 matus,
236 1648 271 1697 ut
290 1651 370 1696 esset
391 1636 525 1717 optimus
548 1647 672 1708 orator,
699 1636 831 1716 optimus
855 1636 1041 1718 superator,
1063 1642 1196 1721 optimus

97 1749 234 1801 senator.
259 1737 403 1807 Accedit,
427 1739 507 1817 quod
525 1736 663 1799 omnium
684 1736 837 1798 bonarum
853 1737 965 1798 artium
979 1737 1037 1799 fuit
1050 1742 1197 1818 magister

96 1852 127 1901 et
147 1836 291 1900 claritate
315 1836 489 1898 litterarum
515 1837 736 1920 preceptisque
757 1837 902 1898 omnium.
916 1857 1022 1899 rerum
1051 1851 1197 1919 expeten-

83 1943 205 2004 'darum
221 1937 304 2000 datis
313 1937 422 2018 generi
433 1939 572 2001 Romano
586 1937 717 2000 maxime
732 1936 871 2019 insignis,
885 1951 918 2000 ut
931 1939 1050 2002 Plinius
1060 1941 1106 2002 ait
1115 1941 1195 2004 Hist.

97 2043 167 2104 Nat.
184 2039 275 2110 XlV,
294 2037 326 2098 4.

138 2141 241 2221 Igitur
254 2141 395 2204 ordinem
407 2141 582 2204 orationum
592 2155 623 2204 et
635 2153 850 2220 argumentum
866 2161 974 2204 earum
989 2163 1027 2204 ex
1041 2142 1199 2206 historicis

98 2239 275 2320 diligenter,
293 2253 441 2322 quantum
454 2242 552 2323 potui,
571 2243 758 2323 quaerebam,
774 2243 867 2325 idque
881 2263 930 2306 me
946 2239 980 2304 in
997 2254 1067 2307 octo
1081 2258 1113 2307 et
1126 2265 1198 2326 qua·

96 2342 239 2420 draginta
261 2360 330 2402 cum
356 2339 458 2421 aliqua
482 2340 704 2426 probabilitate
726 2342 863 2405 clleoisse
889 2361 1003 2424 spero:
1028 2343 1062 2405 in
1084 2345 1199 2406 ceteris

96 2441 194 2523 major
218 2454 287 2504 erat
312 2441 448 2523 questio,
470 2462 560 2522 quam
581 2453 615 2502 ut
634 2440 846 2504 difficultatem
868 2441 1195 2524 vincerepotuissem,

96 2543 169 2625 quia
188 2556 241 2602 aut
254 2563 305 2604 res
327 2561 375 2604 me
390 2540 519 2617 latebat,
540 2556 593 2605 aut
607 2542 769 2624 inscriptio
808 2545 889 2625 apud
909 2546 1108 2626 grammticos
1130 2565 1195 2606 cor·

98 2651 193 2722 rupta
212 2654 288 2702 erat.
316 2637 438 2702 Profuit
463 2641 592 2702 multum
614 2639 744 2708 Ausonii
769 2644 893 2721 Popmoe
913 2639 1062 2720 scriptio,
1088 2659 1199 2721 parum

96 2734 213 2799 Lionis.
230 2739 277 2798 Ex
291 2735 523 2820 comparatione
534 2748 636 2798 autem
650 2737 773 2798 illarum
788 2735 1007 2800 collectionum
1022 2737 1196 2819 apparebit,

96 2831 230 2895 editores
243 2831 363 2916 priores
382 2855 444 2897 non
459 2855 533 2897 raro
545 2835 578 2897 in
592 2853 674 2895 anno
695 2833 871 2896 definiendo
892 2851 1025 2909 errasse,
1050 2846 1085 2894 ut
1096 2839 1197 2896 oratio

95 2931 134 2989 de
157 2930 289 2992 Laetorio
310 2932 432 2995 illustre
451 2945 498 2993 est
515 2931 706 3014 exemplum3
727 2944 759 2993 et
786 2933 916 2992 duarum
939 2930 1116 2994 orationum
1133 2931 1197 2996 ira·

96 3042 219 3110 gmenta
235 3029 393 3094 interdum
411 3031 445 3092 in
460 3053 554 3094 unam
575 3033 800 3111 conglutinata,
819 3044 873 3092 aut
890 3028 1028 3112 ejusdem
1048 3031 1200 3096 orationis

97 3143 236 3212 separata
251 3131 353 3193 luisse.
379 3131 516 3195 Historia
543 3134 718 3196 orationum
733 3131 862 3196 Catonis
879 3131 969 3193 simul
983 3133 1132 3195 memoria
1153 3147 1200 3196 est

98 3229 232 3309 quinque
251 3243 283 3290 et
298 3229 504 3311 quadraginta
518 3250 672 3293 annornm
693 3231 871 3313 reipublicae
894 3231 1060 3294 Romanae:
1078 3252 1199 3294 summa

96 3329 178 3392 enim
201 3330 304 3411 capita
324 3349 382 3413 per
400 3330 457 3392 hos
471 3350 569 3392 annos
587 3351 693 3394 rerum
712 3333 923 3393 Romanarum
938 3329 1108 3412 attingunt.
1132 3333 1198 3410 Nm

95 3437 261 3490 versantur
283 3427 347 3490 lere
372 3429 405 3489 in
428 3426 528 3489 causis
543 3426 694 3509 privatis,
718 3429 772 3490 sed
795 3427 829 3488 iu
853 3427 892 3489 iis
913 3429 1018 3503 rebus,
1045 3447 1112 3511 quae
1131 3442 1198 3492 tum

96 3520 231 3588 maxime
249 3527 282 3585 in
299 3539 408 3589 senatu
427 3525 693 3598 deliberabantur‚
711 3528 811 3588 autin
826 3527 944 3605 legibus
964 3528 1128 3590 suadendis
1141 3530 1201 3594 dis-

97 3611 312 3696 suadendisvc,
337 3637 391 3686 aut
407 3626 441 3688 in
459 3625 561 3687 causis
579 3626 723 3707 publiciS,
751 3646 818 3706 quae
832 3628 981 3692 latissime
989 3637 1103 3711 patent
1116 3641 1148 3692 et
1161 3631 1200 3694 ab

100 3724 258 3788 historicis
290 3743 408 3806 quoque
438 3726 561 3808 copiose
587 3740 795 3810 exponuntur.
821 3730 894 3793 ldeo
924 3730 995 3792 tria.
1010 3726 1202 3813 potissimum

99 3823 274 3888 orationum
287 3843 402 3903 genera
413 3824 591 3888 discernere
604 3825 691 3898 lieet,
704 3827 875 3889 sententias
886 3828 1070 3905 senatorias,
1084 3832 1201 3906 oratio·

98 3947 151 3989 nes
163 3924 348 4008 judiciarias
363 3937 395 3988 et
409 3929 574 3990 censorias.

137 4024 184 4096 li,
209 4027 260 4106 qui
289 4024 417 4090 Catonis
436 4026 532 4090 vitam
552 4026 684 4090 interius
707 4048 895 4110 cognoscere
919 4029 1065 4116 cupiunt,
1094 4033 1202 4109 legant

97 4124 308 4192 Schlosserum
333 4125 697 4210 (Universolbistorisclze
729 4130 925 4204 Uebersieht,
947 4134 994 4206 ll,
1021 4133 1039 4192 2
1051 4161 1060 4204 ,
1084 4152 1115 4211 p.
1141 4129 1199 4190 185

1047 4239 1079 4292 ιδ
