2954 4840
623 347 688 416 311

147 503 171 538 ia
187 485 321 556 Adaeum]
339 482 449 537 Servim
470 481 502 532 ad
519 481 539 534 l.
557 482 577 534 l.
594 500 620 536 v.
637 484 669 534 29
683 483 852 538 resumetur
863 490 943 554 pacta
959 481 1055 550 Alfeno
1067 481 1209 549 Vardaei
1237 449 1308 524 223

181 573 299 634 Polichne
309 569 411 640 fugato
428 569 532 643 legatus
548 571 736 642 Transpadanis
750 571 909 643 prepositus
926 576 966 625 esi
983 570 1014 621 ab
1031 567 1163 636 Augusta.
1178 591 1210 602 --

183 658 273 710 Alfeni
288 657 447 709 mentionem
468 655 529 724 facit
548 657 673 709 Horatius
690 659 746 711 Sat.
764 658 790 722 l,
809 662 824 712 3
829 696 840 720 ,
858 661 919 721 130,
936 657 982 708 ubi
998 649 1088 710 Schol.
1104 651 1212 702 Acrona

186 743 284 794 Urbane
296 739 361 794 satis
372 741 502 808 Alfenum
511 741 612 793 Varum
623 741 811 794 Cremmsansem
822 739 933 800 deridet,
945 739 993 810 qui
1003 739 1102 812 abjecta
1110 733 1214 786 sutrina

185 828 265 893 [alius
275 827 435 880 scholiastes
447 829 598 894 tonstrina],
609 845 686 898 quam
696 825 721 879 ia
733 827 867 900 municipiis
879 847 926 881 suo
938 829 1101 882 exercuerat,
1109 823 1214 872 Romam

184 913 262 975 venit,
271 909 443 983 magistraque
455 929 518 962 usus
531 909 723 980 Sulpi'ciblCio
736 911 836 982 (Servio
848 909 967 981 Sulpicio
979 907 1062 973 Rufo)
1072 905 1109 957 ad
1115 909 1214 955 taniam

179 994 298 1065 persenit
310 995 441 1048 scantiam
450 1034 461 1055 ,
484 1003 515 1048 ut
527 1009 553 1048 et
563 996 724 1048 consulatum
734 1001 837 1068 gereret
848 1002 876 1046 ei
885 991 988 1064 publico
998 989 1216 1063 officiofuagere·

186 1097 243 1142 sar,
254 1089 281 1134 et
290 1079 498 1150 puiliaafirners
511 1081 644 1150 afferetur.
659 1081 762 1146 [Vossii
774 1079 921 1135 emendatio
934 1091 1008 1143 certe
1016 1088 1066 1138 est.
1081 1073 1159 1128 modo
1171 1073 1214 1124 ul-

186 1165 280 1216 timum
290 1165 458 1229 vocabulum,
472 1164 609 1236 reliquisti,
624 1185 678 1220 non
691 1164 830 1236 tetigisset.
845 1165 895 1216 Vel
904 1155 1214 1224 scribendumadmsiicns

184 1249 331 1321 reliquisti:
341 1253 421 1324 periit
434 1253 504 1304 enim
517 1253 660 1324 epodosis.]

158 1377 194 1436 ln
215 1374 367 1438 Diomede
380 1378 426 1449 tt,
449 1397 481 1458 p.
501 1377 562 1438 443
585 1397 623 1438 ex
642 1373 880 1439 orationeGalli
899 1375 984 1434 locus
1004 1369 1214 1440 astoricenses

119 1473 226 1534 Calvus
240 1475 285 1535 ibi
299 1494 356 1556 pro
366 1475 459 1538 Gallo
474 1475 619 1554 legendus
634 1486 692 1546 est,
710 1486 743 1533 ut
757 1475 789 1533 in
804 1471 900 1535 Calvo
914 1483 1039 1533 oratore
1050 1479 1142 1529 antea
1151 1484 1214 1525 mo·

117 1573 248 1646 uuimus,
263 1593 292 1655 p.
307 1573 380 1635 202.

472 1738 587 1808 XCll.
618 1740 667 1806 M.
696 1734 872 1830 Agrippa.

162 1953 245 2020 Plin.
254 1958 296 2016 H.
305 1958 344 2016 tt.
354 1951 480 2031 XXXV,
494 1956 531 2016 4:
544 1957 587 2017 M.
598 1957 738 2040 Agrippa
749 1955 799 2016 vir
810 1948 979 2015 rusticitati
988 1945 1115 2032 propior
1125 1965 1216 2028 quam

118 2053 249 2118 deliciis.
271 2057 388 2116 Exstat
408 2073 489 2116 certe
504 2054 572 2138 ejm
591 2060 688 2115 oratio
712 2055 875 2137 magaffica
896 2067 926 2112 et
946 2054 1086 2110 maximo
1106 2051 1218 2107 cisium

119 2156 210 2234 digna
224 2154 261 2212 de
276 2152 386 2212 tabulis
402 2152 541 2213 omnibus
555 2157 704 2238 signisque
721 2151 925 2229 publicandae,
944 2147 1024 2231 quod
1036 2145 1108 2226 fieri
1127 2145 1221 2202 satius

110 2253 241 2331 fuisset,
254 2275 347 2337 qaam
362 2257 391 2311 in
406 2254 552 2312 villarum
567 2253 667 2312 exilia
679 2252 767 2330 pelli.
801 2241 810 2254 ’
838 2283 845 2294 =

156 2388 287 2460 Agrippa]
302 2390 399 2442 Vellei.
410 2390 444 2451 ll,
456 2393 504 2442 79:
522 2391 562 2440 M.
578 2386 699 2459 Agrippa
711 2385 814 2438 virtutis
828 2384 1002 2441 nobilissima,
1015 2385 1109 2438 labare,
1120 2375 1219 2448 vigilia,

187 2479 304 2546 pericula
316 2476 437 2535 i'nvi'alus,
443 2475 605 2547 parendiqrss
616 2474 663 2528 sed
674 2472 722 2525 uni
731 2472 924 2534 scindamus,
937 2471 997 2524 aliis
1009 2489 1070 2522 sane
1082 2465 1226 2538 inperaudi

193 2564 302 2633 cupidas
312 2571 340 2615 et
346 2583 396 2632 per
408 2564 490 2614 amnia
502 2568 580 2613 caira
591 2559 725 2612 diatones
732 2565 837 2630 positus
851 2559 1024 2625 consultisque
1027 2557 1108 2620 faria
1116 2553 1221 2623 conjua-

192 2669 265 2720 gens.
281 2649 348 2700 lbid.
363 2666 387 2699 c.
402 2649 447 2698 tit
461 2668 469 2697 .-
487 2649 557 2698 Rara
568 2642 706 2698 eminentes
718 2643 770 2696 viri
779 2663 826 2694 aaa
838 2640 938 2714 magnis
951 2636 1112 2712 sudatoribus
1124 2635 1160 2685 ad
1169 2655 1220 2704 gu-

194 2719 568 2795 bernandamsoriimam'suam
578 2728 622 2778 usi
628 2732 702 2786 suat,
710 2733 741 2780 ut
750 2726 801 2777 dua
810 2722 939 2794 Scr'piones
946 2722 1046 2772 duabus
1053 2715 1149 2780 laelii,
1159 2733 1222 2786 quos

201 2833 253 2885 per
265 2820 514 2884 amaiaaequaveruai
526 2811 583 2872 sibi,
591 2819 626 2864 ui
635 2815 672 2863 D.
683 2812 827 2884 Augustus
836 2809 880 2861 M.
892 2809 1016 2882 Agrippa
1027 2813 1053 2859 si
1061 2799 1179 2877 proxima
1192 2804 1223 2855 ab

194 2921 222 2954 eo
234 2901 342 2954 Statilio
356 2903 449 2952 Tauro.
465 2901 542 2956 conf.
558 2903 662 2960 Seueeae
674 2901 759 2972 Epist.
771 2899 867 2952 XCIV.
884 2897 1027 2970 Vipsanius
1040 2895 1155 2966 Agrippa
1164 2894 1223 2945 fue-

196 3001 246 3040 rat.
260 2989 382 3060 Vipsanii
391 3008 486 3041 nomen
497 2988 573 3059 quasi
582 3001 766 3062 argumentum
776 3000 891 3058 paternae
899 2985 1058 3039 humilitatis
1068 2983 1222 3042 sustulerat,

159 3081 160 3084 ’
194 3087 222 3126 et
236 3074 272 3125 M.
289 3075 406 3146 Agrippa
425 3073 570 3138 dicebatur,
590 3087 620 3128 ut
640 3074 741 3128 Seneca
760 3086 848 3126 narrat
867 3073 994 3126 Controv.
1011 3069 1046 3130 11,
1061 3071 1102 3130 12,
1121 3090 1148 3141 p.
1164 3069 1221 3120 196.

196 3161 297 3217 Causas
309 3161 442 3213 interdum
454 3161 537 3234 egisse
547 3181 579 3214 ex
592 3161 683 3214 eodem
695 3161 803 3214 Seneeae
815 3159 873 3212 loco
884 3171 967 3232 patet.

168 3288 258 3366 Apud
267 3286 400 3349 Dionem
409 3285 547 3348 Gessium
556 3282 615 3346 lib.
628 3287 693 3358 LII,
706 3287 756 3348 ia
765 3287 794 3357 1,
811 3285 983 3350 orationem
995 3283 1226 3348 memorabilem

126 3386 274 3464 Agrippae
286 3381 426 3462 legimus,
440 3403 506 3464 que
519 3380 644 3462 quidem
658 3394 723 3445 tota
738 3403 776 3444 ex
790 3378 917 3461 ingenio
931 3379 1027 3466 ipsius
1038 3381 1147 3444 Dionis
1157 3400 1225 3462 pro·

124 3487 206 3547 feota
221 3501 276 3548 est.

291 3677 436 3750 XCIII.
466 3680 586 3750 Caesar
603 3679 833 3752 Octavianus
849 3673 1052 3774 Augustus.

170 3891 253 3954 Suet.
273 3891 386 3952 Octsv.
405 3909 435 3951 a.
448 3891 508 3953 642
526 3893 738 3973 Eloquentiam
752 3891 911 3971 studiaque
925 3886 1069 3952 liberalia
1084 3889 1123 3950 ab
1139 3901 1228 3950 etate

127 3989 228 4075 prima
249 4005 281 4053 et
296 3991 404 4072 cupide
418 4004 450 4052 et
465 3992 701 4056 laboriosissime
715 3990 864 4055 eumeuii.
883 3993 963 4054 Num
974 3991 1119 4072 deinceps
1130 4007 1229 4068 neque
1255 3993 1331 4067 224

128 4088 163 4152 iu
179 4105 288 4152 senatu
303 4110 402 4172 neque
424 4091 505 4171 apud
525 4091 670 4173 populum
692 4110 790 4173 neque
812 4090 893 4173 apud
912 4086 1026 4151 milites
1046 4089 1164 4150 locutus
1181 4096 1228 4147 est
1264 4159 1266 4162 y

128 4209 264 4272 uuquam
282 4185 342 4251 uisi
356 4189 503 4251 meditata
515 4201 549 4248 et
562 4189 731 4270 composita
745 4187 896 4258 oratione,
913 4185 1051 4267 quamvis
1077 4203 1138 4245 uon
1157 4181 1229 4246 defi·
