2904 4840
5 395 6 398 ,
626 335 667 405 87

4 509 5 514 1
105 468 261 536 Gelliusl.
278 489 307 532 c.
324 471 404 532 Nam
417 472 498 550 quod
516 467 727 554 Quintilianus
751 466 1059 552 bibaculumCatullo
1072 471 1190 552 jungit,

4 583 5 586 ’
104 570 160 632 boc
183 567 358 631 dicacitatis
373 585 465 630 causa
478 568 525 641 fit,
545 583 613 650 que
637 565 908 646 intimansque,
933 576 1045 626 testata
1057 569 1150 630 otiam
1172 593 1191 634 a

103 668 210 728 Tacito
224 666 338 728 Annal.
360 667 416 739 lv,
440 664 491 727 34.
518 668 560 727 At
574 664 715 746 juugitm
732 663 828 727 Calvo
841 662 979 725 Catullus
992 665 1072 745 apud
1095 662 1191 746 ipsum

103 761 241 826 Plinium
255 767 311 839 lv,
336 764 389 838 27,
409 765 442 824 in
465 763 603 826 versibus
622 759 785 843 Augurini,
809 779 884 845 quos
903 757 1112 842 Heusingerus
1135 784 1193 846 pro
1272 789 1273 792 ¹

102 878 290 946 argumento
304 884 380 940 esse,
395 865 675 944 nescioquomodo,
692 882 756 925 uun
776 863 858 936 vnlt;
874 862 958 926 inter
970 860 1103 925 lascivos
1113 875 1195 926 nter·

103 981 163 1042 qne
180 973 379 1024 enumeratur
390 962 444 1036 lV,
467 962 497 1023 3.
509 963 615 1043 Neque
629 982 669 1024 ex
681 961 810 1022 Horatio
824 961 924 1023 Serm.
943 964 971 1038 Ι,
989 963 1040 1039 10,
1063 963 1117 1040 20,
1140 985 1193 1026 ne·

102 1085 162 1146 que
175 1085 214 1127 ex
236 1065 401 1148 Propertio
420 1066 462 1139 ll,
481 1067 532 1142 19,
549 1065 602 1141 40,
626 1084 726 1146 neque
746 1083 786 1124 ex
797 1063 900 1127 Gellio
920 1064 1007 1140 x1x,
1024 1071 1055 1140 9,
1069 1068 1195 1131 alterius

102 1181 216 1224 nomen
231 1162 401 1228 exturbare
414 1160 501 1226 licet.
525 1163 599 1224 lieo
622 1177 693 1226 sunt
707 1180 773 1243 que
792 1161 831 1224 de
848 1175 977 1244 unaque
989 1167 1196 1229 memorabilis

102 1261 168 1324 ¹riri
180 1263 272 1324 lande
285 1264 425 1344 reperire
438 1264 601 1346 potuimus.
611 1264 716 1327 Verbo
728 1260 828 1324 refelli
838 1274 949 1343 potest,
965 1266 1045 1345 quod
1057 1253 1196 1328 Crinitus

102 1358 138 1421 in
153 1361 257 1421 Poett.
274 1359 354 1420 latt.
376 1360 429 1433 20,
453 1374 575 1444 poetam
594 1373 627 1424 et
652 1372 808 1424 oratorem
836 1359 963 1423 Calvum
983 1358 1197 1426 diversosesse

101 1453 235 1518 censuit.

147 1556 199 1616 65.
223 1556 294 1616 Jam
315 1557 354 1616 ad
377 1575 494 1630 causas,
520 1575 595 1636 quas
614 1554 689 1635 egit,
715 1566 747 1616 et
767 1550 942 1618 orationum
965 1558 1196 1639 carminumque

104 1648 252 1732 reliquias
266 1655 493 1732 percensendus
507 1653 693 1716 accedimus.
712 1653 829 1714 Auctor
839 1663 896 1724 est,
912 1649 966 1732 qui
978 1651 1102 1736 scripsit
1112 1654 1194 1719 Dial.

105 1750 143 1811 de
153 1759 235 1812 orat.
253 1767 282 1808 c.
301 1738 354 1820 21,
367 1746 480 1828 viginti
495 1751 593 1813 libros
603 1750 733 1813 Calriet
745 1767 840 1811 unum
853 1759 985 1811 exstare.
1000 1750 1136 1814 Plurima
1147 1771 1197 1814 au·

106 1859 166 1907 tem
184 1846 297 1907 horum
315 1845 505 1908 voluminum
529 1837 639 1929 parum
652 1848 692 1908 ad
706 1845 772 1926 ejus
785 1846 915 1924 gloriam
934 1847 1105 1926 augendam
1117 1862 1197 1911 attu-

105 1943 220 2020 lerunt,
244 1965 303 2008 nec
317 1947 415 2026 magis
435 1947 587 2012 Cicerone
604 1967 661 2030 pro
676 1943 791 2009 Archia
812 1946 934 2009 dicente
953 1946 1064 2010 Calvus
1087 1941 1197 2013 cbntra

110 2044 243 2110 Asitium
263 2048 313 2110 vel
331 2049 465 2110 Drusum
480 2067 573 2128 agens
586 2050 734 2113 inclaruit
753 2047 794 2130 (l.
808 2045 866 2131 o).
885 2048 1040 2111 Habemus
1057 2051 1109 2114 hio
1124 2051 1197 2114 dna·
1243 2121 1246 2125 ,

106 2165 177 2206 rum
191 2144 366 2209 orationum
377 2146 515 2211 nomina.
529 2146 747 2211 Defensionum
761 2147 889 2207 duarum
896 2144 1013 2210 Seneca
1024 2149 1197 2212 meminisse

107 2245 240 2321 videtur,
259 2245 399 2320 Catonis,
416 2264 487 2310 cum
499 2244 654 2310 abAsinio
664 2245 808 2308 Pollione
818 2258 1017 2309 accusaretur
1030 2243 1109 2330 (loco
1118 2259 1198 2310 cete·

107 2345 196 2428 roqui
209 2345 395 2428 perobscuro
414 2359 447 2407 et
463 2347 642 2428 depravato,
664 2344 814 2408 Contror.
836 2344 895 2420 lll,
915 2345 965 2418 19,
983 2366 1015 2428 p.
1037 2347 1111 2422 232,
1135 2347 1196 2409 233

106 2445 158 2507 ed.
172 2443 274 2530 Rip),
289 2456 322 2505 et
335 2439 438 2505 Messii
452 2440 622 2523 enjusdam,
634 2440 734 2502 tribus
750 2439 941 2502 orationibus
951 2442 1069 2505 defensi
1082 2443 1196 2528 (ibid).
1294 2503 1295 2508 ,

106 2547 157 2606 De
171 2563 263 2605 cansa
272 2543 398 2605 Catonis
412 2562 475 2605 non
490 2551 626 2616 constat,
643 2539 704 2602 nisi
719 2539 892 2618 intelligere
913 2541 991 2601 uelis
1006 2543 1045 2602 de
1055 2555 1200 2622 repetun-

105 2647 219 2707 darum
233 2643 364 2721 actione,
381 2665 472 2726 qnam
488 2643 591 2708 Ceasar
604 2640 711 2706 Clodio
735 2641 902 2702 subornato
925 2650 994 2718 post
1013 2640 1201 2724 Cypriacam

4 2777 10 2786 =
106 2737 337 2820 navigationem
359 2739 493 2814 minatus
514 2751 570 2802 est.
586 2743 703 2804 Verum
718 2757 777 2800 nec
790 2734 890 2800 Pellio
904 2747 967 2796 tam
981 2734 1122 2818 turpibus
1135 2757 1201 2800 sese

106 2845 202 2907 rebus
217 2838 398 2919 immiscuit,
422 2861 523 2924 usqne
544 2861 581 2904 ea
606 2852 671 2903 tum
694 2852 784 2902 astate
803 2837 895 2901 luisse
923 2838 1118 2915 crediderim,
1141 2857 1200 2902 nec
1324 2830 1328 2838 “

107 2939 241 3022 deniqne
254 2959 323 3002 eum
343 2929 467 3002 cansam
484 2941 518 3001 in
535 2936 687 3021 judicium
701 2936 833 3000 venisse.
851 2933 955 2998 Messii
970 2954 1060 2997 causa
1076 2953 1205 2999 nonest

107 3037 222 3100 notior.
240 3037 301 3101 Sed
317 3036 465 3099 credibile
478 3049 533 3113 est,
551 3057 617 3100 esse
631 3037 781 3110 eamdem,
802 3049 894 3116 quam
910 3031 1001 3096 etiam
1017 3031 1127 3096 Cicero
1148 3036 1202 3096 de·

107 3131 207 3198 iendit
220 3135 260 3196 ad
273 3149 436 3216 pretorem
449 3135 485 3196 P.
504 3135 672 3197 Isauricum
685 3153 714 3196 a.
729 3135 792 3196 699
810 3129 868 3213 (V.
891 3133 968 3212 Epp.
986 3132 1026 3191 ad
1046 3133 1112 3192 Att.
1141 3133 1199 3204 lV,

112 3231 182 3316 15).
197 3231 257 3294 Sed
268 3231 412 3313 qnoniam
425 3229 564 3313 pretoris
576 3227 695 3293 nomini
706 3227 785 3291 nihil
799 3229 934 3290 additum
945 3239 994 3288 est
1004 3247 1023 3288 a
1035 3227 1197 3304 Cicerone,

110 3331 274 3404 nescimus,
289 3345 393 3402 utrum
408 3330 551 3402 ambitus,
568 3350 608 3393 an
629 3331 799 3412 peculatus,
815 3347 856 3390 au
869 3329 1108 3410 repetundarum
1129 3347 1201 3390 reus

109 3433 216 3496 fuerit.
241 3435 318 3496 Nam
343 3453 467 3498 eausam
495 3430 651 3516 publicam
677 3431 781 3505 luisse,
805 3444 870 3493 tum
893 3428 981 3494 Calvi
1003 3431 1100 3493 rerba
1121 3429 1202 3512 apud

109 3535 260 3601 Senecam
277 3535 400 3600 eiicere
417 3537 573 3609 ridentur,
600 3547 664 3596 tum
678 3534 758 3614 qnod
775 3551 811 3596 eo
826 3551 908 3594 anno
924 3531 961 3593 T.
987 3530 1107 3593 Annius
1127 3531 1203 3592 Milo

112 3631 359 3716 jurisdictionem
369 3629 653 3696 nrbanambabuit.
669 3631 759 3694 Nulla
774 3642 878 3692 tamen
893 3629 1015 3691 actione
1024 3623 1122 3705 magis
1133 3623 1202 3690 illu·

113 3743 245 3793 stratum
257 3728 346 3792 Calvi
357 3749 467 3792 nomen
474 3729 546 3805 init,
564 3747 655 3810 quam
667 3724 844 3797 Vatiniana,
860 3738 892 3789 et
905 3726 1001 3786 ferme
1016 3741 1055 3784 ex
1068 3722 1127 3786 hac
1136 3725 1201 3787 solu

111 3843 184 3892 sunt
191 3831 370 3912 desumptae,
388 3848 455 3909 quoe
461 3827 695 3917 bodiesnstant,
707 3825 879 3888 orationum
892 3819 1068 3904 reliquie...
1089 3816 1141 3909 [V.
1157 3824 1198 3884 ir.

110 3951 144 4014 p.
159 3931 216 3996 201
235 3925 320 4018 sqq]
338 3929 428 3991 llaud
436 3931 531 3993 multo
547 3928 636 3992 annis
647 3926 915 3990 mamriorCalvus
927 3943 1017 4006 quam
1030 3923 1157 3987 Crassus
1168 3936 1201 3984 et

110 4029 295 4104 Hortensius
305 4027 405 4091 iorum
418 4026 571 4107 ingressus
583 4026 696 4089 dicitur
708 4026 742 4086 iu
752 4021 836 4088 Dial.
848 4023 887 4086 de
897 4035 976 4086 orat.
989 4043 1020 4084 c.
1036 4020 1088 4082 at.
1104 4023 1200 4082 Aecu-

111 4137 215 4191 ratam
226 4128 261 4192 iu
270 4125 319 4192 bis
327 4123 588 4224 terbistempqris
596 4125 807 4191 definitionem
821 4143 884 4188 nou
897 4123 1056 4195 babemus,
1073 4133 1200 4198 ΡΜ·
