2954 4840
650 321 717 394 att

128 497 172 509 -
183 460 335 526 Similiter
349 457 433 522 idem
448 459 575 525 Servius
599 463 638 524 ad
653 463 722 524 AEn.
743 463 812 536 Vll,
832 461 871 522 30
885 459 983 523 dicit:
1004 487 1020 518 a
1037 462 1128 522 Hanc
1143 467 1233 534 inter,

128 581 188 642 per
204 561 300 622 huno.
315 561 370 620 Est
385 571 487 623 autem
503 559 616 621 crebra
632 559 802 618 Frontonis
811 556 957 622 elocutio.
972 585 986 616 s

376 726 505 798 CXIX.
536 725 750 798 Volumnius
774 717 990 820 Quadratus.

176 907 292 972 Fronto
306 907 363 988 Ep.
378 907 417 966 ad
434 903 551 968 amicos
571 907 617 982 11,
635 907 675 968 3:
693 909 819 986 Legam,
842 905 899 981 fili,
916 907 1052 970 libenter
1065 907 1238 970 orationem

133 1009 236 1082 istam,
252 1026 344 1089 quam
356 1005 472 1068 misisti
484 1005 571 1082 mihi,
588 1006 657 1070 etsi
673 1005 748 1090 quid
759 1008 916 1070 videbitur
927 1009 1159 1088 corrigendum,
1172 1028 1239 1070 cor·

134 1106 247 1184 rigam.
262 1138 301 1153 -
321 1106 501 1185 Sequuntur
515 1104 668 1184 aliquado
686 1105 740 1167 illa
754 1107 905 1182 oratione,
922 1107 976 1167 sed
990 1106 1154 1168 maximam
1168 1126 1239 1187 par·

135 1213 198 1268 tem
208 1203 383 1269 obliterata.

181 1311 230 1370 hd
243 1309 382 1370 eumdem
397 1307 596 1371 Volumnium
613 1307 756 1392 Epistolae
770 1310 836 1371 duae
848 1310 969 1393 priores
981 1310 1065 1371 illius
1076 1309 1151 1371 libri
1163 1309 1238 1370 scri·

136 1429 197 1499 ptoe
213 1428 297 1493 sunt,
315 1415 481 1497 exquibus
496 1429 605 1498 patere
624 1415 760 1490 videtur,
781 1417 979 1480 Volumniam
992 1412 1153 1480 orationes
1166 1417 1240 1478 alia·

141 1536 199 1598 que
213 1517 332 1599 scripta
346 1517 441 1578 edere
455 1514 600 1579 voluisse.

237 1679 351 1752 CXX.
381 1683 510 1752 Lucius
534 1683 666 1770 Verus,
693 1686 804 1758 Marci
833 1684 1003 1776 Antonini
1023 1684 1144 1756 frater.

184 1857 301 1916 Fronto
320 1857 378 1938 Ep.
403 1857 443 1916 ad
457 1857 498 1916 ll.
516 1855 629 1919 Cesar.
648 1859 686 1932 V,
706 1858 767 1920 38:
785 1859 899 1924 Utrum
913 1856 987 1918 lacti
1001 1852 1103 1919 virtus
1117 1875 1245 1917 ornave-

142 1955 186 2016 rit
210 1951 396 2030 orationem,
429 1975 469 2016 an
483 1951 586 2017 oratio
608 1955 723 2016 lactum
749 1955 973 2017 nobilissimum
992 1953 1245 2037 oequiparaverit,

141 2054 281 2117 incertus
295 2073 372 2129 sum,
390 2067 477 2117 certe
501 2053 624 2136 quidem
638 2055 774 2139 ejusdem
791 2056 887 2129 dicta,
904 2058 990 2139 cujus
1009 2054 1064 2116 illa
1080 2053 1172 2117 lacta.
1187 2051 1248 2116 Sed

144 2166 176 2216 et
190 2155 298 2216 fratris
310 2155 356 2215 tui
367 2161 466 2215 oratio
475 2175 524 2218 me
538 2156 722 2219 delectavit:
739 2168 855 2218 namet
870 2168 982 2218 ornata
993 2153 1048 2218 luit
1059 2167 1090 2217 et
1104 2156 1245 2228 cordata,

147 2269 180 2323 et
194 2267 314 2320 eertum
323 2255 435 2332 habeo,
450 2277 519 2320 eum
536 2255 698 2320 minimum
711 2257 804 2341 spatii
814 2259 960 2322 habuisse
976 2255 1247 2320 admoditandum.

170 2395 272 2461 fratris
284 2399 379 2461 oratio]
393 2393 426 2446 tle
443 2394 534 2447 eadem
551 2395 580 2448 iu
599 2395 721 2466 sequenti
738 2396 823 2467 Epist.
842 2394 960 2464 loquitur
974 2395 1125 2450 M.Caesar:
1142 2395 1249 2448 Fratris
1274 2398 1345 2474 259

217 2481 282 2532 milti
292 2479 436 2552 gratiarum
449 2481 517 2532 actio
529 2501 557 2534 co
571 2482 729 2535 laudabilior
740 2495 793 2546 est,
807 2499 858 2554 quo
872 2485 955 2535 minus
969 2481 1007 2531 ad
1017 2480 1206 2544 meditandum,
1220 2493 1249 2531 ut

216 2568 351 2640 conjectas,
364 2566 456 2617 habuit
467 2572 554 2640 spatii.

188 2694 291 2754 Verus
301 2691 379 2772 lmp.
393 2691 451 2772 Ep.
466 2692 505 2752 ad
516 2692 707 2754 Frontonem
719 2691 748 2768 3,
762 2711 794 2772 p.
809 2687 884 2752 187:
902 2687 1033 2772 Quidvis
1046 2685 1131 2751 enim
1144 2687 1249 2750 subire

147 2801 275 2871 paratus
288 2806 366 2864 sum,
384 2787 456 2848 dum
471 2808 489 2850 a
504 2801 534 2850 te
549 2808 600 2850 res
615 2800 728 2850 nostrae
742 2787 951 2851 celebrentur.
976 2787 1074 2850 Plane
1093 2804 1156 2847 non
1174 2803 1248 2846 con·

148 2887 309 2968 tempseris
317 2899 349 2948 et
356 2893 512 2948 orationes
523 2888 567 2946 ad
575 2903 710 2947 senatum
722 2902 755 2949 et
762 2889 969 2947 adlocutiones
979 2901 1100 2946 nostras
1108 2885 1152 2946 ad
1159 2905 1249 2944 exer-

147 2990 251 3044 citum.
268 2982 390 3046 Mittam
404 2985 462 3046 tibi
476 2998 507 3048 et
521 3007 681 3047 sermones
692 3007 778 3047 meos
789 3008 860 3046 cam
874 2987 1015 3046 barbaris
1026 2984 1151 3045 habitos.
1171 2985 1248 3044 Mul·

150 3085 546 3149 tumhaectibiconierent.
1082 3071 1086 3084 ’

185 3221 328 3288 corrserent]
340 3231 371 3274 ut
378 3217 493 3272 Parthici
502 3219 577 3285 belli,
587 3221 658 3292 quod
668 3222 747 3294 gessi,
760 3221 897 3275 historiam
908 3222 1061 3276 luculenter
1068 3221 1227 3276 conscribas.

290 3390 421 3463 CXXI.
452 3390 600 3461 Marcus
615 3392 830 3466 Antoninus
845 3389 1109 3488 Philosophus.
1205 3495 1209 3506 Ι

196 3585 327 3664 Accepit
337 3603 466 3664 regnum
478 3605 507 3647 a.
519 3586 559 3650 U.
573 3585 690 3666 ttap.
704 3583 780 3648 Chr.
794 3583 866 3644 161.
993 3652 995 3654 ,
1351 3657 1354 3668 ¹

196 3681 312 3742 Fronto
326 3682 383 3761 Ep.
402 3684 440 3742 ad
456 3683 499 3742 Μ.
509 3682 624 3746 Cesar.
639 3683 744 3755 lll,1:
762 3683 849 3744 Idem
863 3696 906 3758 tu,
924 3701 1014 3763 quom
1029 3683 1063 3741 in
1078 3692 1188 3742 senatu
1203 3684 1253 3744 vel

155 3780 188 3842 in
204 3780 349 3844 contione
363 3781 468 3863 populi
482 3780 648 3845 dicendum
662 3782 729 3858 luit,
744 3783 827 3845 nullo
840 3782 935 3846 verbo
950 3781 1116 3844 remotiore
1127 3801 1197 3842 usus
1207 3803 1252 3858 es,

156 3876 241 3938 nulla
256 3875 356 3955 figura
369 3877 502 3938 obscura
518 3891 570 3939 aut
585 3878 742 3942 obsoleta:
759 3893 793 3941 nt
807 3879 859 3960 qui
874 3878 955 3940 scias
968 3879 1176 3960 eloquentiam
1191 3878 1255 3941 Cae·

156 3975 238 4043 saris
251 3978 333 4041 tnboe
347 3978 481 4040 similem
495 3999 561 4041 esse
576 3980 706 4053 debere,
723 4001 786 4043 non
801 3977 966 4051 tibiarum,
982 3980 1016 4042 in
1034 3979 1142 4062 quibus
1155 3981 1257 4041 minus

157 4093 205 4143 est
216 4079 297 4154 soni,
308 4079 375 4161 plus
385 4076 585 4142 difficultatis.
1242 4167 1244 4170 .

152 4258 157 4274 .
200 4179 316 4241 Fronto
331 4181 387 4262 Ep.
407 4179 445 4240 ad
460 4182 576 4244 Verum
591 4181 668 4264 lmp.
688 4183 721 4243 l:
746 4183 790 4244 Ex
808 4184 983 4276 eloquentia
1000 4195 1061 4258 tua,
1079 4202 1168 4262 quam
1185 4177 1259 4241 scri·

1111 4296 1145 4362 qt
