2954 4840
118 479 183 540 lata
207 490 255 539 ost
264 477 390 548 locutio,
400 495 492 557 quam
500 475 609 540 habuit
622 477 656 538 in
671 475 848 540 laudatione
862 475 980 540 lunaris
989 477 1138 553 Marcelli,
1149 500 1219 544 cum

118 576 248 663 (liceret,
260 573 349 632 illum
360 577 537 634 immatura»
549 577 642 634 morti
650 573 910 652 devotmsut'sse.

160 673 336 750 Marcellus,
348 671 464 736 sororis
474 672 605 754 Augusti
615 673 707 749 filius,
733 674 811 736 obiit
822 697 851 738 a.
862 677 902 742 U·
913 674 985 738 730.

121 808 129 818 ι
158 773 331 836 Exstabant
344 784 497 854 preterea
510 773 669 836 orationes
682 772 814 852 Augusti
827 773 861 836 iu
876 792 917 836 aes
935 775 1051 848 incisae,
1067 792 1134 856 que
1145 775 1216 838 Kal

112 870 245 932 danuar.
258 870 292 932 iu
305 881 414 932 senatu
426 865 559 931 recitari
569 869 723 933 solebant.

92 1052 94 1058 Ι
159 969 219 1032 Dio
234 970 356 1032 Cassius
370 968 438 1046 LX,
453 971 484 1042 5,
499 971 559 1032 10:
576 984 636 1038 Τότε
648 981 677 1036 dl
685 986 769 1056 λόγους
780 982 845 1042 τινὰς
859 986 882 1035 ἐν
895 991 925 1053 τῇ
938 983 1052 1054 νουμηνίᾳ
1064 989 1106 1036 τοῦ
1118 1003 1144 1036 τε
1166 985 1218 1036 Αὐ-

118 1067 221 1138 Ιμύστου
234 1065 277 1118 καὶ
289 1073 331 1120 τοῦ
343 1066 452 1138 Τῷιρίου
462 1067 527 1120 κατὰ
536 1065 620 1142 δόγμα
631 1068 876 1142 ἀναγινωσκομένους,
889 1070 919 1129 ὧς
932 1089 959 1121 τι
966 1068 1009 1121 καὶ
1017 1070 1088 1140 μέχρι
1101 1077 1142 1130 τῆς
1152 1072 1219 1122 ἐσπί-

110 1178 157 1228 pec
181 1161 236 1218 τοὺς
246 1159 374 1223 βουλευτὰς
390 1161 586 1232 παρατιίνεσθαι,
602 1165 703 1216 ἔπαυσεν
723 1165 753 1234 (d
769 1160 908 1232 Κλαύδιος),
923 1163 1009 1235 ἀρκοῦν
1022 1157 1082 1215 εἶναι
1096 1165 1180 1232 φήσας,
1195 1167 1217 1216 ἰν

111 1265 165 1322 ταῖς
174 1265 271 1322 στήλαις
281 1264 366 1323 αὐτοὺς
375 1263 552 1337 ἐγγεγράφθαι.
569 1255 714 1336 Idemque
728 1265 838 1316 auctor
849 1264 912 1316 tres
923 1267 1093 1334 quatuorve
1107 1254 1218 1316 oratio-

122 1371 178 1414 nes
199 1350 329 1431 Augusti
340 1351 449 1427 relert,
475 1372 549 1432 quas
569 1353 634 1435 ipse
645 1353 789 1416 finxerat.
807 1355 867 1415 Eas
880 1353 978 1438 igitur
992 1354 1149 1434 respicere
1160 1373 1218 1416 nec

120 1447 205 1510 uolui
216 1468 276 1511 uec
285 1448 389 1510 debui.

159 1547 234 1606 Tac.
249 1548 333 1608 Anu.
348 1546 373 1622 1,
389 1546 446 1607 10:
463 1550 619 1626 Augustus
640 1567 710 1611 cum
729 1548 855 1610 Tiberio
868 1547 1068 1609 tribuniciam
1082 1559 1217 1629 potesta·
1318 1614 1322 1622 ,

113 1655 177 1706 tem
191 1664 211 1704 a
225 1643 366 1720 patribus
380 1663 504 1706 rursum
523 1646 716 1726 postularet,
736 1665 919 1726 quamquam
939 1647 1060 1707 honora
1079 1648 1218 1704 erutione

114 1746 251 1827 quaedam
266 1746 304 1806 de
319 1743 437 1806 ambitu
451 1744 598 1825 vultuque
613 1759 645 1807 et
657 1747 807 1808 institutis
821 1745 888 1828 ejus
899 1745 1031 1828 jecerat,
1049 1765 1116 1824 quae
1133 1745 1217 1807 uelut

111 1847 286 1908 excusando
299 1845 517 1928 exprobraret.
1074 1839 1077 1844 ⁴

148 1979 274 2049 martine]
286 1981 403 2036 eamdem
415 1982 561 2034 orationem
576 1982 720 2036 Suetonius
735 1993 862 2036 memorat
873 1982 901 2034 iu
910 1980 998 2034 Tibur.
1009 1998 1033 2030 c.
1044 1981 1087 2032 68.

161 2116 305 2210 [lugusn
324 2122 510 2206 scriptorum
525 2121 699 2201 lragmenta
719 2123 847 2201 collegit
866 2122 964 2183 lanus
980 2120 1161 2200 Rutgersius
1183 2119 1215 2180 in

114 2222 209 2283 Varr.
222 2223 310 2284 Lect.
321 2223 365 2298 11,
379 2241 409 2304 p.
427 2215 591 2312 tlt-180]

381 2443 507 2514 XClV.
538 2443 579 2511 T.
598 2439 748 2511 Cassius
774 2439 946 2512 Severus.

159 2675 275 2738 Seneca
291 2675 439 2754 Excerpt.
451 2671 601 2735 Controv.
621 2691 658 2732 111
680 2668 799 2751 praefat.
814 2690 844 2753 p.
857 2669 917 2732 421
931 2667 981 2752 (p.
1000 2671 1060 2732 395
1077 2690 1145 2752 sqq.
1165 2674 1214 2734 ed.

117 2772 222 2857 Bip.):
244 2767 372 2840 Memini
390 2790 439 2832 me
462 2790 480 2830 a
498 2768 613 2833 Severo
626 2766 734 2832 Cassio
747 2786 899 2848 quaerere,
915 2767 989 2848 quid
1003 2781 1094 2844 osset,
1112 2771 1216 2832 curin

114 2865 391 2931 declamationibus
410 2868 456 2929 illi
478 2887 533 2929 sua
555 2885 618 2929 non
639 2867 844 2948 responderet
862 2864 1049 2947 eloquentia.
1074 2865 1217 2936 Inlnullo

116 2967 202 3030 enim
214 2966 274 3027 hoc
287 2963 384 3026 fiebat
396 2961 574 3028 notabilius.
590 2957 701 3026 Oratio
715 2962 782 3044 ejus
794 2977 864 3026 erat
874 2963 992 3032 ualens,
1001 2963 1097 3038 culta,
1109 2963 1218 3043 ingen·

113 3063 198 3126 tibus
212 3064 305 3146 plena
319 3065 493 3146 sententiis.
509 3067 606 3126 Nemo
621 3063 723 3128 minus
736 3083 844 3146 passus
858 3063 906 3126 est
918 3062 1033 3143 aliquid
1047 3064 1082 3126 in
1094 3061 1218 3128 actione

114 3189 171 3230 sua
183 3166 276 3230 otiosi
287 3186 364 3241 esse,
376 3166 460 3229 nulla
472 3178 634 3248 parserat,
647 3186 714 3249 quoe
723 3186 786 3230 non
798 3186 852 3228 sua
862 3161 978 3227 virtute
988 3177 1104 3240 staret,
1123 3164 1214 3240 nihil,

114 3269 150 3332 in
164 3269 361 3352 quoauditor
373 3269 441 3331 sine
454 3270 567 3332 damno
581 3267 665 3331 aliud
680 3281 797 3348 ageret.
823 3266 938 3331 Omnia
957 3267 1090 3341 intenta,
1115 3264 1217 3348 aliquo

114 3369 270 3450 petentia:
282 3389 372 3432 nemo
381 3368 478 3446 magio
488 3367 523 3430 in
532 3389 587 3432 sua
597 3380 750 3452 potestate
759 3366 869 3430 habuit
875 3365 1067 3428 audientium
1078 3365 1215 3428 allectus.

115 3468 231 3530 Verum
246 3478 304 3539 est,
321 3466 402 3546 quod
416 3466 453 3526 de
468 3463 522 3526 illo
535 3460 612 3526 dicit
628 3464 733 3530 Gallio
747 3477 870 3526 noster:
885 3463 961 3524 Cum
975 3464 1101 3537 diceret,
1111 3483 1217 3548 renarra

110 3561 301 3642 potiebatur.-
314 3563 391 3622 adeo
406 3581 515 3622 omnes
538 3565 690 3641 imperata
700 3560 882 3641 ficiebam
900 3582 972 3621 cum
991 3559 1043 3618 ille
1061 3561 1215 3635 veheret,

116 3662 339 3722 irascebantur.
359 3660 462 3722 Nemo
482 3681 543 3722 non
563 3661 617 3722 illo
630 3662 749 3723 dicente
762 3661 902 3734 liniebat,
918 3679 956 3718 ne
970 3661 1128 3720 desineret.
1150 3660 1217 3721 Non

116 3772 174 3832 cst,
186 3757 269 3842 quod
279 3756 365 3816 illum
378 3775 421 3815 ex
435 3755 496 3830 his,
508 3779 577 3842 quoe
587 3758 694 3832 edidit,
704 3761 877 3825 aestimetis.
892 3758 967 3818 Sunt
977 3756 1099 3839 quidem
1113 3773 1143 3818 et
1152 3757 1219 3820 hoec
1242 3737 1313 3815 226

115 3852 296 3938 quibusdam
309 3865 408 3931 grata.
426 3855 542 3916 Verum
557 3855 733 3936 eloquentia
746 3853 813 3938 ejus
826 3855 918 3932 louge
931 3851 1032 3934 major
1045 3867 1115 3918 erat
1127 3875 1218 3936 quam

114 3953 219 4015 lectio.
232 3955 302 4015 Non
310 3952 369 4014 hoc
379 3971 416 4014 ea
426 3951 572 4034 portione
584 3953 632 4018 illi
647 3955 772 4033 accidit,
785 3977 846 4039 qua
859 3953 1003 4017 omnibns
1017 3955 1094 4030 fero,
1107 3957 1216 4038 quibus

117 4052 230 4136 majori
245 4052 503 4120 commendationi
524 4068 571 4118 est
592 4059 694 4124 audiri
716 4077 807 4141 quam
825 4059 899 4138 legi,
921 4058 977 4120 sed
997 4059 1032 4121 in
1051 4059 1106 4122 illo
1126 4060 1216 4138 longe

118 4151 219 4234 majus
233 4152 398 4216 discrimen
412 4164 476 4215 est:
487 4153 625 4222 Primum
639 4155 829 4226 tantumdem
843 4167 912 4219 crat
926 4153 960 4220 in
972 4152 1108 4229 homine,
1117 4175 1214 4236 quan·
1263 4153 1264 4156 ’
