2954 4840
615 335 683 404 319

336 603 535 675 LXXXIII.
564 603 605 675 C.
625 603 791 677 Licinius
808 602 956 679 Calvus.

456 723 634 823 [Ellendt.
648 751 685 821 p.
700 727 843 824 83·89.]

135 951 251 1015 Calvus
262 949 342 1013 filius
353 951 410 1013 luit
419 952 456 1012 C.
470 949 587 1014 Licinii
598 953 708 1027 Macri,
720 957 758 1016 de
769 975 829 1038 quo
840 955 1086 1037 supradiximus.

140 1049 207 1112 Cic.
227 1051 314 1111 Brut.
335 1068 365 1110 c.
378 1049 431 1124 82,
450 1049 531 1113 2832
548 1049 661 1112 Calvus
674 1065 782 1115 orator
809 1053 918 1115 luisset
932 1073 1001 1114 cum
1016 1054 1115 1116 literis
1129 1039 1199 1119 eru·

98 1150 194 1214 ditior
208 1170 300 1231 quam
314 1149 410 1212 Curio
425 1149 470 1233 (i.
489 1171 517 1212 e.
538 1150 635 1214 Curio
654 1147 690 1216 C.
711 1151 816 1240 filius),
838 1169 902 1217 tum
916 1155 1012 1216 etiam
1026 1156 1201 1219 accuratius

63 1257 66 1264 “
97 1251 250 1332 quoddam
262 1247 387 1311 dicendi
401 1260 433 1310 et
443 1249 623 1330 exquisitius
635 1249 785 1313 afferebat
798 1273 912 1332 genus:
925 1254 1005 1334 quod
1016 1274 1201 1336 quamquam

96 1345 233 1410 scienter
248 1347 467 1428 eleganterque
481 1348 650 1420 tractabat,
669 1339 801 1411 nimium
817 1364 920 1414 tamen
935 1351 1096 1432 inquirens
1116 1353 1149 1414 in
1169 1375 1202 1415 se

99 1458 191 1526 atque
213 1444 278 1526 ipse
298 1463 364 1507 sese
385 1444 553 1507 observans
574 1457 789 1528 metuensque,
812 1467 852 1510 ue
865 1443 1014 1524 vitiosum¹
1028 1450 1200 1529 colligeret,

99 1546 195 1608 etiam
208 1541 316 1606 verium
339 1541 520 1623 sanguinem
543 1545 745 1627 deperdebat.
770 1547 877 1627 ltaque
899 1547 965 1628 ejus
984 1547 1084 1611 oratIo
1106 1547 1204 1611 nimia

97 1642 247 1722 religione
265 1655 424 1704 attenuata
445 1642 546 1704 doctis
568 1654 599 1705 et
620 1654 739 1704 attente
757 1644 955 1706 audientibus
973 1659 1042 1707 erat
1057 1647 1199 1721 illustris,

96 1767 114 1806 a
136 1742 333 1806 multitudine
355 1755 457 1805 autem
478 1756 509 1804 et
530 1763 548 1803 a
567 1742 646 1818 foro,
667 1740 717 1804 cui
739 1755 813 1804 nata
834 1741 1013 1824 eloquentia
1032 1746 1091 1818 est,
1114 1749 1204 1808 devo-

97 1844 244 1906 rabatur.

141 1938 276 2023 Quintil.
288 1937 328 2013 X,
343 1937 374 2014 l,
391 1937 470 2000 115:
487 1937 616 2014 invent,
635 1936 686 2018 qui
701 1937 831 2000 Calvum
845 1941 1031 2022 praelerrent
1045 1941 1201 2017 omnibus,

97 2039 215 2117 inveni,
231 2041 283 2122 qui
295 2038 440 2102 Ciceroni
456 2040 633 2113 crederent,
651 2061 721 2102 eum
745 2037 844 2103 nimia
865 2055 976 2105 contra
996 2064 1029 2106 se
1049 2041 1203 2108 calumnia

102 2160 210 2204 verum
223 2141 402 2220 sanguinem
418 2137 598 2222 perdidisse.
624 2139 686 2204 Sed
700 2153 749 2202 est
763 2155 795 2204 et
809 2157 919 2206 sancta
933 2157 965 2206 et
979 2140 1085 2223 grauis
1105 2147 1205 2208 oratio

99 2254 130 2303 et
144 2241 297 2305 custodita
312 2254 344 2304 et
357 2240 538 2324 frequenter
551 2240 716 2304 vehemens
730 2263 860 2324 quoque.
878 2242 1024 2308 Imitator
1040 2258 1142 2308 autem
1158 2261 1206 2309 est

99 2338 284 2415 Atticorum,
298 2338 432 2420 lecitque
442 2337 489 2399 illi
501 2349 669 2419 properata
682 2357 766 2398 mors
778 2339 937 2420 injuriam,
951 2343 977 2404 si
988 2342 1060 2423 quid
1072 2343 1205 2428 adjectu·

101 2459 155 2502 rus
166 2440 239 2514 sihi,
250 2461 313 2502 non
325 2439 436 2521 siquid
448 2437 645 2499 detracturus
656 2435 727 2497 luit.

143 2542 227 2602 Dial.
244 2541 283 2602 de
296 2551 391 2602 oratt.
408 2559 436 2601 c.
452 2535 510 2601 18:
526 2538 638 2604 Calvus
656 2536 804 2600 Ciceroni
823 2539 906 2602 uisus
925 2555 971 2604 est
989 2539 1153 2621 exsanguis
1172 2555 1204 2605 et

100 2640 239 2700 attritus.

462 2818 623 2863 outrtonus
637 2819 666 2862 ΙΝ
681 2817 838 2864 virtutum.

143 3018 266 3102 Dialog.
287 3022 326 3082 de
346 3032 441 3107 oratt.
464 3042 493 3083 c.
512 3021 570 3084 34:
593 3019 702 3082 Altero
730 3032 762 3082 et
786 3019 936 3083 vicesimo
958 3021 1085 3083 Asinius
1105 3015 1206 3085 Pollio

99 3120 137 3184 C.
160 3118 329 3194 Catonem,
360 3137 424 3180 non
452 3117 549 3178 multo
576 3128 666 3179 aetate
698 3118 886 3180 antecedens
913 3117 1027 3181 Calvus
1046 3119 1206 3182 Vatinium

97 3218 137 3279 iis
154 3213 346 3280 orationibus
367 3213 502 3278 insecuti
522 3228 613 3292 sunt,
636 3235 711 3298 quas
733 3213 884 3296 hodieque
904 3236 977 3277 cum
1001 3213 1207 3278 admiratione

98 3319 239 3397 legImus.

142 3479 291 3544 Vatinium]
305 3476 337 3530 de
350 3477 450 3530 ambitu
463 3493 538 3528 reum
551 3473 614 3528 fecit
626 3493 650 3527 a.
662 3477 696 3527 U.
707 3475 769 3536 698,
784 3475 971 3529 utWeiohert.
985 3478 1014 3527 iu
1026 3473 1141 3546 eleganti
1153 3475 1208 3527 dia-

174 3559 316 3612 sertatione
325 3561 357 3612 de
365 3559 447 3613 Calvo
455 3558 553 3631 (Reliq.
561 3558 676 3630 poetar.)
683 3559 766 3630 p.109
775 3557 972 3611 demonstravit.
983 3560 1076 3627 Quum
1085 3575 1109 3609 a.
1116 3558 1150 3610 U.
1157 3559 1204 3614 fill

178 3653 257 3695 natus
268 3654 349 3705 esset,
361 3643 472 3714 septimo
484 3655 512 3695 et
522 3641 648 3714 vigesimo
662 3641 746 3693 atatis
759 3660 830 3696 anuo
842 3641 917 3695 illam
930 3659 1038 3694 causam
1050 3638 1136 3712 egisse
1148 3660 1212 3694 eum*
1302 3670 1307 3684 ι

172 3735 286 3778 coastat.
303 3723 405 3776 Eodem
422 3724 464 3777 die
481 3725 589 3795 genitus
602 3736 643 3776 est
655 3723 755 3776 Calvus
772 3741 833 3778 cum
846 3728 885 3779 Μ.
896 3722 982 3778 Coelio
995 3723 1078 3786 Rufo,
1095 3737 1207 3788 oratore,

177 3822 209 3862 ut
225 3805 296 3862 I'lin.
312 3807 377 3860 dicit
392 3808 428 3861 ll.
444 3811 478 3862 N.
491 3810 551 3874 Vll,
568 3811 601 3864 to
611 3807 693 3879 (conf.
709 3807 820 3863 Ruunt.
837 3810 870 3862 ad
879 3807 976 3862 Vellei.
987 3808 1022 3871 ll,
1034 3810 1078 3872 68,
1093 3820 1123 3881 p:
1134 3811 1207 3880 297).

179 3909 207 3950 et
215 3895 305 3950 Schol.
315 3893 437 3950 ambros.
447 3896 501 3949 Cic.
515 3897 544 3950 iu
554 3897 692 3951 Vatinium
704 3896 745 3960 13,
758 3899 783 3950 3.
799 3895 917 3949 Ellendt.
933 3895 1013 3948 lnisab
1023 3895 1116 3948 eodem
1128 3896 1210 3948 Calvo
1293 3939 1295 3944 ,

176 3982 314 4064 Vatinium
332 3980 498 4054 postulatum
515 3995 609 4054 putat,
630 3983 793 4054 primamque
817 3984 950 4036 actionum
970 3999 1040 4035 anno
1056 3983 1107 4035 695
1126 3981 1209 4033 fuisse

175 4064 333 4138 majestatis,
353 4083 459 4118 rursum
478 4079 629 4120 accusatum
647 4083 705 4119 asse
725 4066 758 4119 de
778 4065 877 4119 ambitu
892 4086 916 4120 a.
928 4068 980 4120 699
995 4079 1022 4119 et
1038 4065 1176 4118 defensum
1194 4085 1209 4117 a
1245 4111 1247 4114 .

174 4151 300 4204 Cicerone
316 4161 408 4224 rogatu
428 4151 561 4222 Pompeii;
582 4151 723 4204 secundam
742 4153 823 4224 igitur
842 4152 871 4206 in
885 4149 1025 4206 Vatinium
1044 4150 1207 4223 orationem,
