<?xml version="1.0" encoding="UTF-8"?>
<!DOCTYPE html PUBLIC "-//W3C//DTD XHTML 1.0 Transitional//EN"
    "http://www.w3.org/TR/xhtml1/DTD/xhtml1-transitional.dtd">
<html xmlns="http://www.w3.org/1999/xhtml" xml:lang="en" lang="en">
 <head>
  <title>
</title>
<meta http-equiv="Content-Type" content="text/html;charset=utf-8" />
  <meta name='ocr-system' content='tesseract 3.04.00' />
  <meta name='ocr-capabilities' content='ocr_page ocr_carea ocr_par ocr_line ocrx_word'/>
</head>
<body>
  <div class='ocr_page' id='page_1' title='image "./oratorumromanor00meyegoog_0174.png"; bbox 0 0 2904 4838; ppageno 0'>
   <div class='ocr_carea' id='block_1_1' title="bbox 757 375 825 444">
    <p class='ocr_par' dir='ltr' id='par_1_1' title="bbox 757 375 825 444">
     <span class='ocr_line' id='line_1_1' title="bbox 757 375 825 444; baseline -0.015 0"><span class='ocrx_word' id='word_1_1' title='bbox 757 375 825 444; x_wconf 82' lang='lat' dir='ltr'><strong>tta</strong></span> 
     </span>
    </p>
   </div>
   <div class='ocr_carea' id='block_1_2' title="bbox 151 488 1348 692">
    <p class='ocr_par' dir='ltr' id='par_1_2' title="bbox 151 488 1348 692">
     <span class='ocr_line' id='line_1_2' title="bbox 151 488 1348 590; baseline 0.002 -20"><span class='ocrx_word' id='word_1_2' title='bbox 151 527 154 534; x_wconf 83' lang='grc'><strong>’</strong></span> <span class='ocrx_word' id='word_1_3' title='bbox 245 505 489 590; x_wconf 77' lang='lat' dir='ltr'><strong>pitavarrina...</strong></span> <span class='ocrx_word' id='word_1_4' title='bbox 506 511 654 574; x_wconf 80' lang='lat' dir='ltr'><strong>Placuere</strong></span> <span class='ocrx_word' id='word_1_5' title='bbox 668 526 771 574; x_wconf 85' lang='lat' dir='ltr'><strong>autem</strong></span> <span class='ocrx_word' id='word_1_6' title='bbox 785 525 816 574; x_wconf 89' lang='lat' dir='ltr'><em>et</em></span> <span class='ocrx_word' id='word_1_7' title='bbox 829 488 979 575; x_wconf 71' lang='lat' dir='ltr'><strong>turinnes.</strong></span> <span class='ocrx_word' id='word_1_8' title='bbox 996 514 1067 572; x_wconf 87' lang='lat' dir='ltr'><strong>Jam</strong></span> <span class='ocrx_word' id='word_1_9' title='bbox 1081 511 1201 570; x_wconf 62' lang='lat' dir='ltr'><strong>&amp;tonis</strong></span> <span class='ocrx_word' id='word_1_10' title='bbox 1213 513 1348 572; x_wconf 61' lang='lat' dir='ltr'><strong>carison,</strong></span> 
     </span>
     <span class='ocr_line' id='line_1_3' title="bbox 244 613 921 692; baseline 0.006 -22"><span class='ocrx_word' id='word_1_11' title='bbox 244 616 399 672; x_wconf 88' lang='lat' dir='ltr'><strong>orationes</strong></span> <span class='ocrx_word' id='word_1_12' title='bbox 412 631 583 692; x_wconf 79' lang='lat' dir='ltr'><strong>apntgnum</strong></span> <span class='ocrx_word' id='word_1_13' title='bbox 596 613 788 691; x_wconf 78' lang='lat' dir='ltr'><strong>exprobrant</strong></span> <span class='ocrx_word' id='word_1_14' title='bbox 798 613 921 674; x_wconf 78' lang='lat' dir='ltr'><strong>collum.</strong></span> 
     </span>
    </p>
   </div>
   <div class='ocr_carea' id='block_1_3' title="bbox 424 807 1164 872">
    <p class='ocr_par' dir='ltr' id='par_1_3' title="bbox 424 807 1164 872">
     <span class='ocr_line' id='line_1_4' title="bbox 424 807 1164 872; baseline 0 -2"><span class='ocrx_word' id='word_1_15' title='bbox 424 807 475 870; x_wconf 79' lang='lat'><strong>36.</strong></span> <span class='ocrx_word' id='word_1_16' title='bbox 500 827 608 872; x_wconf 76' lang='lat' dir='ltr'><strong>curto</strong></span> <span class='ocrx_word' id='word_1_17' title='bbox 622 827 662 868; x_wconf 86' lang='lat' dir='ltr'><strong>nn</strong></span> <span class='ocrx_word' id='word_1_18' title='bbox 675 825 809 871; x_wconf 73' lang='lat' dir='ltr'><strong>nantum</strong></span> <span class='ocrx_word' id='word_1_19' title='bbox 824 829 857 870; x_wconf 87' lang='grc' dir='ltr'><strong>ιι.</strong></span> <span class='ocrx_word' id='word_1_20' title='bbox 872 827 974 872; x_wconf 78' lang='lat' dir='ltr'><strong>rnnvn</strong></span> <span class='ocrx_word' id='word_1_21' title='bbox 988 827 1164 871; x_wconf 79' lang='lat' dir='ltr'><strong>mauman.</strong></span> 
     </span>
    </p>
   </div>
   <div class='ocr_carea' id='block_1_4' title="bbox 237 967 1381 2640">
    <p class='ocr_par' dir='ltr' id='par_1_4' title="bbox 237 967 1355 1726">
     <span class='ocr_line' id='line_1_5' title="bbox 288 967 1351 1053; baseline 0 -23"><span class='ocrx_word' id='word_1_22' title='bbox 288 971 376 1032; x_wconf 86' lang='lat' dir='ltr'><strong>Hanc</strong></span> <span class='ocrx_word' id='word_1_23' title='bbox 394 970 504 1030; x_wconf 83' lang='lat' dir='ltr'><strong>habuit</strong></span> <span class='ocrx_word' id='word_1_24' title='bbox 516 970 596 1033; x_wconf 86' lang='lat' dir='ltr'><strong>Cato</strong></span> <span class='ocrx_word' id='word_1_25' title='bbox 614 993 696 1036; x_wconf 89' lang='lat' dir='ltr'><strong>anno</strong></span> <span class='ocrx_word' id='word_1_26' title='bbox 707 972 782 1034; x_wconf 76' lang='lat'><strong>574.</strong></span> <span class='ocrx_word' id='word_1_27' title='bbox 808 977 1031 1053; x_wconf 80' lang='lat' dir='ltr'>Argumentum</span> <span class='ocrx_word' id='word_1_28' title='bbox 1050 992 1088 1034; x_wconf 87' lang='lat' dir='ltr'><em>ex</em></span> <span class='ocrx_word' id='word_1_29' title='bbox 1108 967 1196 1034; x_wconf 75' lang='lat' dir='ltr'><strong>livio</strong></span> <span class='ocrx_word' id='word_1_30' title='bbox 1216 971 1351 1052; x_wconf 86' lang='lat' dir='ltr'><strong>petimus</strong></span> 
     </span>
     <span class='ocr_line' id='line_1_6' title="bbox 246 1063 1350 1151; baseline 0.002 -24"><span class='ocrx_word' id='word_1_31' title='bbox 246 1063 312 1142; x_wconf 84' lang='lat' dir='ltr'><strong>xt,</strong></span> <span class='ocrx_word' id='word_1_32' title='bbox 330 1070 366 1131; x_wconf 87' lang='lat'><strong>51</strong></span> <span class='ocrx_word' id='word_1_33' title='bbox 380 1095 388 1128; x_wconf 81' lang='grc' dir='ltr'><strong>ι</strong></span> <span class='ocrx_word' id='word_1_34' title='bbox 405 1069 543 1130; x_wconf 86' lang='lat' dir='ltr'><strong>Habuere</strong></span> <span class='ocrx_word' id='word_1_35' title='bbox 554 1073 603 1136; x_wconf 87' lang='grc' dir='ltr'><strong>Μ.</strong></span> <span class='ocrx_word' id='word_1_36' title='bbox 615 1071 736 1134; x_wconf 75' lang='lat' dir='ltr'><strong>Fulvius</strong></span> <span class='ocrx_word' id='word_1_37' title='bbox 749 1088 780 1133; x_wconf 88' lang='lat' dir='ltr'><strong>et</strong></span> <span class='ocrx_word' id='word_1_38' title='bbox 790 1073 840 1134; x_wconf 90' lang='lat' dir='ltr'><strong>M.</strong></span> <span class='ocrx_word' id='word_1_39' title='bbox 855 1073 1003 1134; x_wconf 75' lang='lat' dir='ltr'><strong>AEmih&#39;us</strong></span> <span class='ocrx_word' id='word_1_40' title='bbox 1014 1071 1148 1151; x_wconf 79' lang='lat' dir='ltr'><strong><em>Lepidus</em></strong></span> <span class='ocrx_word' id='word_1_41' title='bbox 1162 1090 1307 1132; x_wconf 82' lang='lat' dir='ltr'><em>censores</em></span> <span class='ocrx_word' id='word_1_42' title='bbox 1320 1085 1350 1130; x_wconf 91' lang='lat' dir='ltr'><strong>et</strong></span> 
     </span>
     <span class='ocr_line' id='line_1_7' title="bbox 246 1167 1354 1249; baseline -0.005 -18"><span class='ocrx_word' id='word_1_43' title='bbox 246 1178 276 1232; x_wconf 88' lang='lat' dir='ltr'><strong>in</strong></span> <span class='ocrx_word' id='word_1_44' title='bbox 293 1174 467 1248; x_wconf 87' lang='lat' dir='ltr'><strong>promiscuo</strong></span> <span class='ocrx_word' id='word_1_45' title='bbox 485 1185 640 1249; x_wconf 77' lang='lat' dir='ltr'><strong>praeterea</strong></span> <span class='ocrx_word' id='word_1_46' title='bbox 657 1177 834 1249; x_wconf 90' lang='lat' dir='ltr'><strong>pecuniam.</strong></span> <span class='ocrx_word' id='word_1_47' title='bbox 859 1171 918 1234; x_wconf 80' lang='lat' dir='ltr'><strong>Ea</strong></span> <span class='ocrx_word' id='word_1_48' title='bbox 938 1191 976 1231; x_wconf 90' lang='lat' dir='ltr'><strong>ea</strong></span> <span class='ocrx_word' id='word_1_49' title='bbox 996 1174 1196 1231; x_wconf 88' lang='lat' dir='ltr'><strong>communiter</strong></span> <span class='ocrx_word' id='word_1_50' title='bbox 1213 1167 1354 1228; x_wconf 86' lang='lat' dir='ltr'><strong>locarunt</strong></span> 
     </span>
     <span class='ocr_line' id='line_1_8' title="bbox 246 1271 1354 1358; baseline -0.005 -25"><span class='ocrx_word' id='word_1_51' title='bbox 246 1294 358 1358; x_wconf 85' lang='lat' dir='ltr'><strong>nquam</strong></span> <span class='ocrx_word' id='word_1_52' title='bbox 379 1273 586 1332; x_wconf 80' lang='lat' dir='ltr'><strong><em>adducendam</em></strong></span> <span class='ocrx_word' id='word_1_53' title='bbox 599 1271 801 1357; x_wconf 78' lang='lat' dir='ltr'><em>fornicesque</em></span> <span class='ocrx_word' id='word_1_54' title='bbox 814 1274 994 1353; x_wconf 67' lang='lat' dir='ltr'><strong>flacmndos.</strong></span> <span class='ocrx_word' id='word_1_55' title='bbox 1021 1273 1245 1352; x_wconf 86' lang='lat' dir='ltr'><strong>Impedimento</strong></span> <span class='ocrx_word' id='word_1_56' title='bbox 1265 1273 1354 1349; x_wconf 87' lang='lat' dir='ltr'><strong>operi</strong></span> 
     </span>
     <span class='ocr_line' id='line_1_9' title="bbox 237 1371 1355 1454; baseline -0.004 -22"><span class='ocrx_word' id='word_1_57' title='bbox 237 1373 309 1452; x_wconf 70' lang='lat' dir='ltr'><strong>ficit</strong></span> <span class='ocrx_word' id='word_1_58' title='bbox 328 1373 380 1432; x_wconf 88' lang='lat' dir='ltr'><strong>M.</strong></span> <span class='ocrx_word' id='word_1_59' title='bbox 400 1371 542 1430; x_wconf 89' lang='lat' dir='ltr'><strong>Licinius</strong></span> <span class='ocrx_word' id='word_1_60' title='bbox 562 1372 706 1444; x_wconf 81' lang='lat' dir='ltr'><strong>Crassus,</strong></span> <span class='ocrx_word' id='word_1_61' title='bbox 729 1375 783 1454; x_wconf 90' lang='lat' dir='ltr'><strong>qui</strong></span> <span class='ocrx_word' id='word_1_62' title='bbox 801 1391 861 1450; x_wconf 89' lang='lat' dir='ltr'><strong>per</strong></span> <span class='ocrx_word' id='word_1_63' title='bbox 870 1371 1008 1451; x_wconf 75' lang='lat' dir='ltr'><strong>fluidum</strong></span> <span class='ocrx_word' id='word_1_64' title='bbox 1029 1391 1118 1430; x_wconf 89' lang='lat' dir='ltr'><strong>suum</strong></span> <span class='ocrx_word' id='word_1_65' title='bbox 1138 1373 1208 1430; x_wconf 66' lang='lat' dir='ltr'><strong>dcci</strong></span> <span class='ocrx_word' id='word_1_66' title='bbox 1227 1391 1288 1430; x_wconf 90' lang='lat' dir='ltr'><strong>non</strong></span> <span class='ocrx_word' id='word_1_67' title='bbox 1309 1383 1355 1430; x_wconf 89' lang='lat' dir='ltr'><strong>est</strong></span> 
     </span>
     <span class='ocr_line' id='line_1_10' title="bbox 245 1467 1355 1551; baseline -0.004 -19"><span class='ocrx_word' id='word_1_68' title='bbox 245 1493 367 1551; x_wconf 88' lang='lat' dir='ltr'><strong>passus.</strong></span> <span class='ocrx_word' id='word_1_69' title='bbox 397 1471 546 1532; x_wconf 84' lang='lat' dir='ltr'><strong>Catonem</strong></span> <span class='ocrx_word' id='word_1_70' title='bbox 569 1482 671 1531; x_wconf 85' lang='lat' dir='ltr'><strong>autem</strong></span> <span class='ocrx_word' id='word_1_71' title='bbox 693 1467 746 1532; x_wconf 91' lang='lat' dir='ltr'><strong>hic</strong></span> <span class='ocrx_word' id='word_1_72' title='bbox 772 1471 811 1533; x_wconf 89' lang='lat' dir='ltr'><strong>de</strong></span> <span class='ocrx_word' id='word_1_73' title='bbox 834 1472 1012 1551; x_wconf 75' lang='lat' dir='ltr'><strong>aqueductu</strong></span> <span class='ocrx_word' id='word_1_74' title='bbox 1035 1467 1166 1545; x_wconf 81' lang='lat' dir='ltr'><strong>dixisse,</strong></span> <span class='ocrx_word' id='word_1_75' title='bbox 1194 1472 1282 1532; x_wconf 84' lang='lat' dir='ltr'><strong>testis</strong></span> <span class='ocrx_word' id='word_1_76' title='bbox 1307 1479 1355 1532; x_wconf 84' lang='lat' dir='ltr'><strong>est</strong></span> 
     </span>
     <span class='ocr_line' id='line_1_11' title="bbox 248 1564 1355 1650; baseline 0.001 -18"><span class='ocrx_word' id='word_1_77' title='bbox 248 1572 365 1650; x_wconf 83' lang='lat' dir='ltr'><em>Festus.</em></span> <span class='ocrx_word' id='word_1_78' title='bbox 381 1567 482 1648; x_wconf 88' lang='lat' dir='ltr'><strong>Supra</strong></span> <span class='ocrx_word' id='word_1_79' title='bbox 491 1566 530 1626; x_wconf 89' lang='lat' dir='ltr'><strong>de</strong></span> <span class='ocrx_word' id='word_1_80' title='bbox 540 1567 601 1628; x_wconf 88' lang='lat' dir='ltr'><strong>alia</strong></span> <span class='ocrx_word' id='word_1_81' title='bbox 616 1567 759 1628; x_wconf 85' lang='lat' dir='ltr'><strong>oratione</strong></span> <span class='ocrx_word' id='word_1_82' title='bbox 768 1565 895 1630; x_wconf 69' lang='lat' dir='ltr'><strong>Qtonis</strong></span> <span class='ocrx_word' id='word_1_83' title='bbox 909 1568 942 1630; x_wconf 92' lang='lat' dir='ltr'><strong>in</strong></span> <span class='ocrx_word' id='word_1_84' title='bbox 952 1569 995 1628; x_wconf 91' lang='lat' dir='ltr'><strong>M.</strong></span> <span class='ocrx_word' id='word_1_85' title='bbox 1007 1564 1152 1630; x_wconf 80' lang='lat' dir='ltr'><strong>Fulvium</strong></span> <span class='ocrx_word' id='word_1_86' title='bbox 1162 1568 1355 1632; x_wconf 82' lang='lat' dir='ltr'><strong>Nobiliorem</strong></span> 
     </span>
     <span class='ocr_line' id='line_1_12' title="bbox 251 1663 395 1726; baseline -0.014 0"><span class='ocrx_word' id='word_1_87' title='bbox 251 1663 395 1726; x_wconf 83' lang='lat' dir='ltr'><strong>diximus.</strong></span> 
     </span>
    </p>

    <p class='ocr_par' dir='ltr' id='par_1_5' title="bbox 250 1759 1381 2336">
     <span class='ocr_line' id='line_1_13' title="bbox 293 1759 1356 1846; baseline -0.002 -22"><span class='ocrx_word' id='word_1_88' title='bbox 293 1763 419 1824; x_wconf 80' lang='lat' dir='ltr'><strong>Festus:</strong></span> <span class='ocrx_word' id='word_1_89' title='bbox 438 1785 453 1817; x_wconf 75' lang='grc' dir='ltr'><strong>ι</strong></span> <span class='ocrx_word' id='word_1_90' title='bbox 471 1761 653 1836; x_wconf 68' lang='lat' dir='ltr'><strong>retricibus,</strong></span> <span class='ocrx_word' id='word_1_91' title='bbox 670 1781 741 1824; x_wconf 89' lang='lat' dir='ltr'><strong>cum</strong></span> <span class='ocrx_word' id='word_1_92' title='bbox 755 1762 799 1826; x_wconf 88' lang='lat' dir='ltr'><strong>ait</strong></span> <span class='ocrx_word' id='word_1_93' title='bbox 810 1761 887 1826; x_wconf 85' lang='lat' dir='ltr'><strong>Cam</strong></span> <span class='ocrx_word' id='word_1_94' title='bbox 901 1759 936 1826; x_wconf 90' lang='lat' dir='ltr'><strong>in</strong></span> <span class='ocrx_word' id='word_1_95' title='bbox 951 1783 1001 1839; x_wconf 56' lang='lat' dir='ltr'><strong>ea,</strong></span> <span class='ocrx_word' id='word_1_96' title='bbox 1017 1781 1110 1846; x_wconf 89' lang='lat' dir='ltr'><strong>quam</strong></span> <span class='ocrx_word' id='word_1_97' title='bbox 1124 1761 1270 1845; x_wconf 60' lang='grc' dir='ltr'><strong>ιιιίιιιίῑ,1</strong></span> <span class='ocrx_word' id='word_1_98' title='bbox 1284 1783 1356 1822; x_wconf 87' lang='lat' dir='ltr'><strong>eum</strong></span> 
     </span>
     <span class='ocr_line' id='line_1_14' title="bbox 250 1861 1358 1947; baseline 0.002 -24"><span class='ocrx_word' id='word_1_99' title='bbox 250 1865 440 1926; x_wconf 74' lang='lat' dir='ltr'><em>edissertavit</em></span> <span class='ocrx_word' id='word_1_100' title='bbox 452 1861 542 1922; x_wconf 77' lang='lat' dir='ltr'><strong>Fulvi</strong></span> <span class='ocrx_word' id='word_1_101' title='bbox 551 1861 720 1924; x_wconf 83' lang='lat' dir='ltr'><strong>Nobilioris</strong></span> <span class='ocrx_word' id='word_1_102' title='bbox 733 1883 906 1937; x_wconf 85' lang='lat' dir='ltr'><em>censuram,</em></span> <span class='ocrx_word' id='word_1_103' title='bbox 929 1861 1088 1947; x_wconf 73' lang='lat' dir='ltr'><strong>significet</strong></span> <span class='ocrx_word' id='word_1_104' title='bbox 1110 1883 1279 1944; x_wconf 74' lang='lat' dir='ltr'><strong>squameo</strong></span> <span class='ocrx_word' id='word_1_105' title='bbox 1301 1883 1358 1932; x_wconf 85' lang='lat' dir='ltr'><strong>no·</strong></span> 
     </span>
     <span class='ocr_line' id='line_1_15' title="bbox 252 1957 1360 2046; baseline -0.001 -20"><span class='ocrx_word' id='word_1_106' title='bbox 252 1960 348 2034; x_wconf 84' lang='lat' dir='ltr'><strong>mine,</strong></span> <span class='ocrx_word' id='word_1_107' title='bbox 366 1981 432 2046; x_wconf 77' lang='lat' dir='ltr'><strong>qiioe</strong></span> <span class='ocrx_word' id='word_1_108' title='bbox 446 1973 493 2022; x_wconf 85' lang='lat' dir='ltr'><strong>est</strong></span> <span class='ocrx_word' id='word_1_109' title='bbox 507 1980 601 2044; x_wconf 86' lang='lat' dir='ltr'><strong>snpra</strong></span> <span class='ocrx_word' id='word_1_110' title='bbox 613 1957 697 2022; x_wconf 84' lang='lat' dir='ltr'><strong>viam</strong></span> <span class='ocrx_word' id='word_1_111' title='bbox 708 1961 912 2024; x_wconf 80' lang='lat' dir='ltr'><strong>Ardeatinam</strong></span> <span class='ocrx_word' id='word_1_112' title='bbox 930 1961 1014 2035; x_wconf 79' lang='lat' dir='ltr'><strong>inter</strong></span> <span class='ocrx_word' id='word_1_113' title='bbox 1034 1961 1169 2044; x_wconf 76' lang='lat' dir='ltr'><strong>lapidem</strong></span> <span class='ocrx_word' id='word_1_114' title='bbox 1190 1963 1360 2025; x_wconf 70' lang='lat' dir='ltr'><strong>secuudum</strong></span> 
     </span>
     <span class='ocr_line' id='line_1_16' title="bbox 253 2055 1362 2144; baseline -0.004 -20"><span class='ocrx_word' id='word_1_115' title='bbox 253 2075 284 2124; x_wconf 84' lang='lat' dir='ltr'><strong>et</strong></span> <span class='ocrx_word' id='word_1_116' title='bbox 300 2057 426 2128; x_wconf 88' lang='lat' dir='ltr'><strong>tertium</strong></span> <span class='ocrx_word' id='word_1_117' title='bbox 434 2085 445 2137; x_wconf 73' lang='lat'>5</span> <span class='ocrx_word' id='word_1_118' title='bbox 466 2055 519 2144; x_wconf 87' lang='lat' dir='ltr'><strong>qni</strong></span> <span class='ocrx_word' id='word_1_119' title='bbox 535 2055 713 2138; x_wconf 80' lang='lat' dir='ltr'><strong>inrigantur</strong></span> <span class='ocrx_word' id='word_1_120' title='bbox 731 2058 816 2136; x_wconf 84' lang='lat' dir='ltr'><strong>horti</strong></span> <span class='ocrx_word' id='word_1_121' title='bbox 833 2057 916 2122; x_wconf 81' lang='lat' dir='ltr'><strong>inira</strong></span> <span class='ocrx_word' id='word_1_122' title='bbox 932 2059 1014 2122; x_wconf 85' lang='lat' dir='ltr'><strong>viam</strong></span> <span class='ocrx_word' id='word_1_123' title='bbox 1029 2059 1230 2126; x_wconf 69' lang='lat' dir='ltr'><strong>Ardeatinam</strong></span> <span class='ocrx_word' id='word_1_124' title='bbox 1243 2070 1275 2120; x_wconf 91' lang='lat' dir='ltr'><em>et</em></span> <span class='ocrx_word' id='word_1_125' title='bbox 1288 2058 1362 2120; x_wconf 79' lang='lat' dir='ltr'><strong>Asi·</strong></span> 
     </span>
     <span class='ocr_line' id='line_1_17' title="bbox 254 2152 1381 2238; baseline -0.004 -18"><span class='ocrx_word' id='word_1_126' title='bbox 254 2157 375 2220; x_wconf 86' lang='lat' dir='ltr'><strong>uariam</strong></span> <span class='ocrx_word' id='word_1_127' title='bbox 389 2177 484 2238; x_wconf 88' lang='lat' dir='ltr'><strong>usqne</strong></span> <span class='ocrx_word' id='word_1_128' title='bbox 500 2155 704 2218; x_wconf 67' lang='lat' dir='ltr'><strong>antennam.</strong></span> <span class='ocrx_word' id='word_1_129' title='bbox 720 2181 734 2212; x_wconf 72' lang='grc' dir='ltr'><strong>ι</strong></span> <span class='ocrx_word' id='word_1_130' title='bbox 756 2155 930 2216; x_wconf 86' lang='lat' dir='ltr'><strong>Retricibus</strong></span> <span class='ocrx_word' id='word_1_131' title='bbox 943 2156 1040 2238; x_wconf 78' lang='lat' dir='ltr'><strong>igitur</strong></span> <span class='ocrx_word' id='word_1_132' title='bbox 1054 2154 1117 2220; x_wconf 79' lang='lat' dir='ltr'><strong>riri</strong></span> <span class='ocrx_word' id='word_1_133' title='bbox 1131 2174 1217 2238; x_wconf 76' lang='lat' dir='ltr'><strong>aque</strong></span> <span class='ocrx_word' id='word_1_134' title='bbox 1231 2152 1361 2238; x_wconf 84' lang='lat' dir='ltr'><strong>proprie</strong></span> <span class='ocrx_word' id='word_1_135' title='bbox 1378 2171 1381 2176; x_wconf 88' lang='lat'>·</span> 
     </span>
     <span class='ocr_line' id='line_1_18' title="bbox 254 2252 600 2336; baseline -0.014 -19"><span class='ocrx_word' id='word_1_136' title='bbox 254 2252 427 2336; x_wconf 79' lang='lat' dir='ltr'><strong>significari</strong></span> <span class='ocrx_word' id='word_1_137' title='bbox 442 2255 600 2316; x_wconf 81' lang='lat' dir='ltr'><strong>videntur.</strong></span> 
     </span>
    </p>

    <p class='ocr_par' dir='ltr' id='par_1_6' title="bbox 257 2351 1360 2640">
     <span class='ocr_line' id='line_1_19' title="bbox 297 2351 1360 2438; baseline -0.004 -18"><span class='ocrx_word' id='word_1_138' title='bbox 297 2359 438 2420; x_wconf 84' lang='lat' dir='ltr'><strong>Fortasse</strong></span> <span class='ocrx_word' id='word_1_139' title='bbox 452 2377 490 2420; x_wconf 81' lang='lat' dir='ltr'><em>ex</em></span> <span class='ocrx_word' id='word_1_140' title='bbox 505 2357 613 2420; x_wconf 82' lang='lat' dir='ltr'><strong>eadem</strong></span> <span class='ocrx_word' id='word_1_141' title='bbox 628 2354 770 2418; x_wconf 83' lang='lat' dir='ltr'><strong>oratione</strong></span> <span class='ocrx_word' id='word_1_142' title='bbox 783 2354 915 2438; x_wconf 85' lang='lat' dir='ltr'><strong>petitum</strong></span> <span class='ocrx_word' id='word_1_143' title='bbox 930 2357 1010 2438; x_wconf 87' lang='lat' dir='ltr'><strong>qnod</strong></span> <span class='ocrx_word' id='word_1_144' title='bbox 1026 2356 1117 2418; x_wconf 83' lang='lat' dir='ltr'><strong>aiiert</strong></span> <span class='ocrx_word' id='word_1_145' title='bbox 1131 2351 1287 2420; x_wconf 79' lang='lat' dir='ltr'><strong>Priscian.</strong></span> <span class='ocrx_word' id='word_1_146' title='bbox 1300 2354 1360 2426; x_wconf 88' lang='lat' dir='ltr'><strong>Vl,</strong></span> 
     </span>
     <span class='ocr_line' id='line_1_20' title="bbox 259 2447 1359 2541; baseline -0.004 -27"><span class='ocrx_word' id='word_1_147' title='bbox 259 2455 310 2530; x_wconf 80' lang='lat'><strong>14,</strong></span> <span class='ocrx_word' id='word_1_148' title='bbox 326 2477 358 2541; x_wconf 89' lang='lat' dir='ltr'><strong>p.</strong></span> <span class='ocrx_word' id='word_1_149' title='bbox 372 2455 453 2518; x_wconf 70' lang='lat'><strong>271:</strong></span> <span class='ocrx_word' id='word_1_150' title='bbox 476 2455 573 2518; x_wconf 80' lang='lat' dir='ltr'><strong>Cato:</strong></span> <span class='ocrx_word' id='word_1_151' title='bbox 594 2453 695 2532; x_wconf 85' lang='lat' dir='ltr'><strong>Speca</strong></span> <span class='ocrx_word' id='word_1_152' title='bbox 713 2459 825 2532; x_wconf 85' lang='lat' dir='ltr'><strong>posita,</strong></span> <span class='ocrx_word' id='word_1_153' title='bbox 849 2475 907 2538; x_wconf 90' lang='lat' dir='ltr'><strong>quo</strong></span> <span class='ocrx_word' id='word_1_154' title='bbox 927 2476 1006 2538; x_wconf 85' lang='lat' dir='ltr'><strong>aqua</strong></span> <span class='ocrx_word' id='word_1_155' title='bbox 1027 2454 1064 2514; x_wconf 87' lang='lat' dir='ltr'><strong>de</strong></span> <span class='ocrx_word' id='word_1_156' title='bbox 1086 2459 1138 2514; x_wconf 86' lang='lat' dir='ltr'><strong>via</strong></span> <span class='ocrx_word' id='word_1_157' title='bbox 1158 2447 1359 2536; x_wconf 80' lang='lat' dir='ltr'><strong>abiret·[Ed.</strong></span> 
     </span>
     <span class='ocr_line' id='line_1_21' title="bbox 257 2548 1245 2640; baseline -0.004 -22"><span class='ocrx_word' id='word_1_158' title='bbox 257 2557 368 2620; x_wconf 88' lang='lat' dir='ltr'><strong>Krehl.</strong></span> <span class='ocrx_word' id='word_1_159' title='bbox 381 2557 469 2618; x_wconf 81' lang='lat' dir='ltr'><strong>devia</strong></span> <span class='ocrx_word' id='word_1_160' title='bbox 482 2603 491 2634; x_wconf 90' lang='lat'>,</span> <span class='ocrx_word' id='word_1_161' title='bbox 504 2571 540 2618; x_wconf 91' lang='lat' dir='ltr'><strong>nt</strong></span> <span class='ocrx_word' id='word_1_162' title='bbox 549 2557 616 2640; x_wconf 79' lang='lat' dir='ltr'><strong>ipse</strong></span> <span class='ocrx_word' id='word_1_163' title='bbox 627 2556 770 2639; x_wconf 86' lang='lat' dir='ltr'><em>Meyerns</em></span> <span class='ocrx_word' id='word_1_164' title='bbox 782 2553 817 2617; x_wconf 91' lang='lat' dir='ltr'><strong>in</strong></span> <span class='ocrx_word' id='word_1_165' title='bbox 826 2556 968 2630; x_wconf 71' lang='lat' dir='ltr'><strong>moerus,</strong></span> <span class='ocrx_word' id='word_1_166' title='bbox 980 2554 1035 2616; x_wconf 88' lang='lat' dir='ltr'><strong>nbi</strong></span> <span class='ocrx_word' id='word_1_167' title='bbox 1045 2548 1245 2638; x_wconf 64' lang='lat' dir='ltr'><strong>delevimus]</strong></span> 
     </span>
    </p>
   </div>
   <div class='ocr_carea' id='block_1_5' title="bbox 302 2715 1319 2804">
    <p class='ocr_par' dir='ltr' id='par_1_7' title="bbox 302 2715 1319 2804">
     <span class='ocr_line' id='line_1_22' title="bbox 302 2715 1319 2804; baseline -0.009 -6"><span class='ocrx_word' id='word_1_168' title='bbox 302 2737 354 2798; x_wconf 73' lang='lat'><strong>37.</strong></span> <span class='ocrx_word' id='word_1_169' title='bbox 378 2756 490 2800; x_wconf 79' lang='lat' dir='ltr'><strong>onnrro</strong></span> <span class='ocrx_word' id='word_1_170' title='bbox 503 2757 534 2798; x_wconf 88' lang='lat' dir='ltr'><strong>m</strong></span> <span class='ocrx_word' id='word_1_171' title='bbox 549 2756 578 2798; x_wconf 80' lang='lat' dir='ltr'><strong>r.</strong></span> <span class='ocrx_word' id='word_1_172' title='bbox 595 2755 710 2796; x_wconf 80' lang='lat' dir='ltr'><strong>runtun</strong></span> <span class='ocrx_word' id='word_1_173' title='bbox 726 2715 839 2795; x_wconf 76' lang='lat' dir='ltr'><strong>runnu</strong></span> <span class='ocrx_word' id='word_1_174' title='bbox 853 2753 911 2794; x_wconf 83' lang='lat' dir='ltr'><strong>vnn</strong></span> <span class='ocrx_word' id='word_1_175' title='bbox 926 2751 984 2794; x_wconf 83' lang='lat' dir='ltr'><strong>rao</strong></span> <span class='ocrx_word' id='word_1_176' title='bbox 998 2751 1151 2794; x_wconf 71' lang='lat' dir='ltr'><strong>austrinis</strong></span> <span class='ocrx_word' id='word_1_177' title='bbox 1170 2749 1319 2804; x_wconf 68' lang='lat' dir='ltr'><strong>nisenam.</strong></span> 
     </span>
    </p>
   </div>
   <div class='ocr_carea' id='block_1_6' title="bbox 185 2889 1408 4269">
    <p class='ocr_par' dir='ltr' id='par_1_8' title="bbox 185 2889 1408 3484">
     <span class='ocr_line' id='line_1_23' title="bbox 185 2889 1362 2971; baseline -0.009 -10"><span class='ocrx_word' id='word_1_178' title='bbox 185 2898 233 2970; x_wconf 72' lang='lat'><strong>45</strong></span> <span class='ocrx_word' id='word_1_179' title='bbox 301 2901 374 2962; x_wconf 87' lang='lat' dir='ltr'><em>Haee</em></span> <span class='ocrx_word' id='word_1_180' title='bbox 387 2900 488 2962; x_wconf 85' lang='lat' dir='ltr'><strong>oratio</strong></span> <span class='ocrx_word' id='word_1_181' title='bbox 503 2897 657 2959; x_wconf 80' lang='lat' dir='ltr'><strong>ann0582</strong></span> <span class='ocrx_word' id='word_1_182' title='bbox 669 2895 848 2971; x_wconf 70' lang='lat' dir='ltr'><strong>uthaurna,</strong></span> <span class='ocrx_word' id='word_1_183' title='bbox 862 2908 896 2956; x_wconf 92' lang='lat' dir='ltr'><strong>nt</strong></span> <span class='ocrx_word' id='word_1_184' title='bbox 909 2914 948 2957; x_wconf 84' lang='lat' dir='ltr'><em>ex</em></span> <span class='ocrx_word' id='word_1_185' title='bbox 958 2893 1047 2956; x_wconf 85' lang='lat' dir='ltr'><strong>Livio</strong></span> <span class='ocrx_word' id='word_1_186' title='bbox 1057 2893 1167 2969; x_wconf 87' lang='lat' dir='ltr'>XLIII,</span> <span class='ocrx_word' id='word_1_187' title='bbox 1179 2892 1212 2964; x_wconf 80' lang='lat'><strong>2,</strong></span> <span class='ocrx_word' id='word_1_188' title='bbox 1228 2889 1362 2954; x_wconf 77' lang='lat' dir='ltr'><strong>seimus:</strong></span> 
     </span>
     <span class='ocr_line' id='line_1_24' title="bbox 258 2993 1363 3080; baseline -0.009 -21"><span class='ocrx_word' id='word_1_189' title='bbox 258 3002 418 3078; x_wconf 70' lang='lat' dir='ltr'><strong>Hispaniae</strong></span> <span class='ocrx_word' id='word_1_190' title='bbox 441 3001 595 3080; x_wconf 86' lang='lat' dir='ltr'><strong>utriusque</strong></span> <span class='ocrx_word' id='word_1_191' title='bbox 612 2995 708 3074; x_wconf 81' lang='lat' dir='ltr'><strong>legati</strong></span> <span class='ocrx_word' id='word_1_192' title='bbox 724 2995 839 3079; x_wconf 79' lang='lat' dir='ltr'><strong>aliquot</strong></span> <span class='ocrx_word' id='word_1_193' title='bbox 855 2993 1038 3072; x_wconf 85' lang='lat' dir='ltr'><strong>populorum</strong></span> <span class='ocrx_word' id='word_1_194' title='bbox 1058 2997 1093 3051; x_wconf 89' lang='lat' dir='ltr'><strong>in</strong></span> <span class='ocrx_word' id='word_1_195' title='bbox 1114 3007 1252 3052; x_wconf 87' lang='lat' dir='ltr'><strong>senatum</strong></span> <span class='ocrx_word' id='word_1_196' title='bbox 1272 2996 1363 3050; x_wconf 87' lang='lat' dir='ltr'><strong>intro·</strong></span> 
     </span>
     <span class='ocr_line' id='line_1_25' title="bbox 258 3085 1364 3177; baseline -0.007 -19"><span class='ocrx_word' id='word_1_197' title='bbox 258 3104 351 3160; x_wconf 85' lang='lat' dir='ltr'><strong>ducti.</strong></span> <span class='ocrx_word' id='word_1_198' title='bbox 373 3099 407 3160; x_wconf 91' lang='lat' dir='ltr'><strong>Ii</strong></span> <span class='ocrx_word' id='word_1_199' title='bbox 420 3101 459 3158; x_wconf 85' lang='lat' dir='ltr'><strong>de</strong></span> <span class='ocrx_word' id='word_1_200' title='bbox 473 3101 702 3176; x_wconf 77' lang='lat' dir='ltr'><strong>magistratuum</strong></span> <span class='ocrx_word' id='word_1_201' title='bbox 714 3085 919 3154; x_wconf 82' lang='lat' dir='ltr'><strong>Romanorum</strong></span> <span class='ocrx_word' id='word_1_202' title='bbox 933 3099 1065 3154; x_wconf 81' lang='lat' dir='ltr'><strong>avaritia</strong></span> <span class='ocrx_word' id='word_1_203' title='bbox 1079 3091 1281 3177; x_wconf 82' lang='lat' dir='ltr'><strong>superbiaque</strong></span> <span class='ocrx_word' id='word_1_204' title='bbox 1296 3111 1364 3151; x_wconf 87' lang='lat' dir='ltr'><strong>con·</strong></span> 
     </span>
     <span class='ocr_line' id='line_1_26' title="bbox 264 3192 1366 3286; baseline -0.007 -28"><span class='ocrx_word' id='word_1_205' title='bbox 264 3203 378 3286; x_wconf 79' lang='lat' dir='ltr'><em>questi,</em></span> <span class='ocrx_word' id='word_1_206' title='bbox 403 3202 464 3258; x_wconf 90' lang='lat' dir='ltr'><strong>nisi</strong></span> <span class='ocrx_word' id='word_1_207' title='bbox 490 3195 616 3278; x_wconf 81' lang='lat' dir='ltr'><em>genibus</em></span> <span class='ocrx_word' id='word_1_208' title='bbox 641 3217 661 3253; x_wconf 92' lang='lat' dir='ltr'><strong>a</strong></span> <span class='ocrx_word' id='word_1_209' title='bbox 688 3208 792 3255; x_wconf 84' lang='lat' dir='ltr'><strong>senatu</strong></span> <span class='ocrx_word' id='word_1_210' title='bbox 817 3201 986 3274; x_wconf 82' lang='lat' dir='ltr'><strong>petierunt,</strong></span> <span class='ocrx_word' id='word_1_211' title='bbox 1012 3215 1051 3253; x_wconf 87' lang='lat' dir='ltr'><strong>ne</strong></span> <span class='ocrx_word' id='word_1_212' title='bbox 1074 3213 1109 3254; x_wconf 91' lang='lat' dir='ltr'><strong>se</strong></span> <span class='ocrx_word' id='word_1_213' title='bbox 1131 3197 1233 3254; x_wconf 82' lang='lat' dir='ltr'><strong>socios</strong></span> <span class='ocrx_word' id='word_1_214' title='bbox 1244 3192 1366 3272; x_wconf 85' lang='lat' dir='ltr'><strong>foedius</strong></span> 
     </span>
     <span class='ocr_line' id='line_1_27' title="bbox 264 3294 1408 3384; baseline -0.01 -23"><span class='ocrx_word' id='word_1_215' title='bbox 264 3301 389 3381; x_wconf 74' lang='lat' dir='ltr'><strong>spoliari</strong></span> <span class='ocrx_word' id='word_1_216' title='bbox 408 3303 581 3383; x_wconf 77' lang='lat' dir='ltr'><strong>vexarique</strong></span> <span class='ocrx_word' id='word_1_217' title='bbox 601 3319 692 3384; x_wconf 88' lang='lat' dir='ltr'><strong>quam</strong></span> <span class='ocrx_word' id='word_1_218' title='bbox 711 3296 811 3360; x_wconf 78' lang='lat' dir='ltr'><em>hostes</em></span> <span class='ocrx_word' id='word_1_219' title='bbox 826 3302 992 3376; x_wconf 85' lang='lat' dir='ltr'><strong>patiantur.</strong></span> <span class='ocrx_word' id='word_1_220' title='bbox 1012 3298 1117 3378; x_wconf 77' lang='lat' dir='ltr'><strong>Quum</strong></span> <span class='ocrx_word' id='word_1_221' title='bbox 1127 3311 1156 3354; x_wconf 87' lang='lat' dir='ltr'><strong>et</strong></span> <span class='ocrx_word' id='word_1_222' title='bbox 1169 3294 1231 3354; x_wconf 79' lang='lat' dir='ltr'><strong>alia</strong></span> <span class='ocrx_word' id='word_1_223' title='bbox 1244 3295 1366 3372; x_wconf 76' lang='lat' dir='ltr'><strong>indigna</strong></span> <span class='ocrx_word' id='word_1_224' title='bbox 1405 3335 1408 3340; x_wconf 85' lang='grc'><strong>-</strong></span> 
     </span>
     <span class='ocr_line' id='line_1_28' title="bbox 262 3391 1369 3484; baseline -0.008 -26"><span class='ocrx_word' id='word_1_225' title='bbox 262 3412 467 3484; x_wconf 73' lang='lat' dir='ltr'><em>quererentur,</em></span> <span class='ocrx_word' id='word_1_226' title='bbox 485 3397 682 3477; x_wconf 67' lang='lat' dir='ltr'><strong>manifestum</strong></span> <span class='ocrx_word' id='word_1_227' title='bbox 697 3409 799 3455; x_wconf 79' lang='lat' dir='ltr'><strong>ornem</strong></span> <span class='ocrx_word' id='word_1_228' title='bbox 817 3411 908 3466; x_wconf 82' lang='lat' dir='ltr'><em>osset,</em></span> <span class='ocrx_word' id='word_1_229' title='bbox 921 3399 1069 3476; x_wconf 81' lang='lat' dir='ltr'><strong>pecunias</strong></span> <span class='ocrx_word' id='word_1_230' title='bbox 1083 3408 1200 3472; x_wconf 87' lang='lat' dir='ltr'><strong>captas,</strong></span> <span class='ocrx_word' id='word_1_231' title='bbox 1216 3392 1258 3452; x_wconf 45' lang='lat' dir='ltr'><strong>Le</strong></span> <span class='ocrx_word' id='word_1_232' title='bbox 1272 3391 1369 3451; x_wconf 84' lang='lat' dir='ltr'><strong>Canu·</strong></span> 
     </span>
    </p>

    <p class='ocr_par' dir='ltr' id='par_1_9' title="bbox 222 3493 1370 3968">
     <span class='ocr_line' id='line_1_29' title="bbox 222 3493 1366 3580; baseline -0.014 -20"><span class='ocrx_word' id='word_1_233' title='bbox 222 3553 226 3560; x_wconf 92' lang='lat'>.</span> <span class='ocrx_word' id='word_1_234' title='bbox 264 3499 326 3557; x_wconf 89' lang='lat' dir='ltr'><strong>leio</strong></span> <span class='ocrx_word' id='word_1_235' title='bbox 338 3500 481 3576; x_wconf 78' lang='lat' dir='ltr'><strong>praetori,</strong></span> <span class='ocrx_word' id='word_1_236' title='bbox 504 3499 555 3580; x_wconf 86' lang='lat' dir='ltr'><strong>qui</strong></span> <span class='ocrx_word' id='word_1_237' title='bbox 568 3495 752 3572; x_wconf 81' lang='lat' dir='ltr'><strong>Hispaniam</strong></span> <span class='ocrx_word' id='word_1_238' title='bbox 770 3497 893 3555; x_wconf 82' lang='lat' dir='ltr'><strong>sortitus</strong></span> <span class='ocrx_word' id='word_1_239' title='bbox 913 3507 989 3564; x_wconf 78' lang='lat' dir='ltr'><strong>erat,</strong></span> <span class='ocrx_word' id='word_1_240' title='bbox 1011 3495 1166 3572; x_wconf 75' lang='lat' dir='ltr'><strong>negotium</strong></span> <span class='ocrx_word' id='word_1_241' title='bbox 1185 3493 1291 3550; x_wconf 70' lang='lat' dir='ltr'><strong>damn</strong></span> <span class='ocrx_word' id='word_1_242' title='bbox 1310 3500 1366 3559; x_wconf 84' lang='lat' dir='ltr'><em>est,</em></span> 
     </span>
     <span class='ocr_line' id='line_1_30' title="bbox 266 3592 1370 3678; baseline -0.01 -25"><span class='ocrx_word' id='word_1_243' title='bbox 266 3610 297 3654; x_wconf 92' lang='lat' dir='ltr'><strong>ut</strong></span> <span class='ocrx_word' id='word_1_244' title='bbox 312 3601 344 3654; x_wconf 88' lang='lat' dir='ltr'><strong>in</strong></span> <span class='ocrx_word' id='word_1_245' title='bbox 358 3593 505 3675; x_wconf 74' lang='lat' dir='ltr'><strong>singulos,</strong></span> <span class='ocrx_word' id='word_1_246' title='bbox 521 3615 541 3651; x_wconf 91' lang='lat' dir='ltr'><strong>a</strong></span> <span class='ocrx_word' id='word_1_247' title='bbox 558 3592 667 3678; x_wconf 81' lang='lat' dir='ltr'><strong>quibus</strong></span> <span class='ocrx_word' id='word_1_248' title='bbox 680 3593 813 3670; x_wconf 81' lang='lat' dir='ltr'><strong>Hispani</strong></span> <span class='ocrx_word' id='word_1_249' title='bbox 826 3594 973 3668; x_wconf 84' lang='lat' dir='ltr'><strong>pecunias</strong></span> <span class='ocrx_word' id='word_1_250' title='bbox 991 3601 1140 3666; x_wconf 81' lang='lat' dir='ltr'><strong>peterem,</strong></span> <span class='ocrx_word' id='word_1_251' title='bbox 1158 3592 1267 3673; x_wconf 88' lang='lat' dir='ltr'><strong>quinos</strong></span> <span class='ocrx_word' id='word_1_252' title='bbox 1287 3605 1370 3644; x_wconf 83' lang='lat' dir='ltr'><strong>recu·</strong></span> 
     </span>
     <span class='ocr_line' id='line_1_31' title="bbox 264 3685 1366 3774; baseline -0.011 -20"><span class='ocrx_word' id='word_1_253' title='bbox 264 3709 425 3774; x_wconf 87' lang='lat' dir='ltr'><strong>peratores</strong></span> <span class='ocrx_word' id='word_1_254' title='bbox 443 3713 486 3752; x_wconf 78' lang='lat' dir='ltr'><em>ex</em></span> <span class='ocrx_word' id='word_1_255' title='bbox 506 3694 612 3752; x_wconf 88' lang='lat' dir='ltr'><strong>ordine</strong></span> <span class='ocrx_word' id='word_1_256' title='bbox 633 3694 788 3751; x_wconf 87' lang='lat' dir='ltr'><strong>senatorio</strong></span> <span class='ocrx_word' id='word_1_257' title='bbox 802 3689 898 3758; x_wconf 87' lang='lat' dir='ltr'><strong>daret,</strong></span> <span class='ocrx_word' id='word_1_258' title='bbox 919 3701 1133 3772; x_wconf 69' lang='lat' dir='ltr'><strong>patronosque,</strong></span> <span class='ocrx_word' id='word_1_259' title='bbox 1147 3708 1223 3773; x_wconf 91' lang='lat' dir='ltr'><strong>quos</strong></span> <span class='ocrx_word' id='word_1_260' title='bbox 1244 3685 1366 3756; x_wconf 76' lang='lat' dir='ltr'><em>vedent,</em></span> 
     </span>
     <span class='ocr_line' id='line_1_32' title="bbox 266 3783 1368 3870; baseline -0.014 -16"><span class='ocrx_word' id='word_1_261' title='bbox 266 3794 407 3854; x_wconf 87' lang='lat' dir='ltr'><strong>sumendi</strong></span> <span class='ocrx_word' id='word_1_262' title='bbox 420 3805 600 3870; x_wconf 85' lang='lat' dir='ltr'><strong>potestatem</strong></span> <span class='ocrx_word' id='word_1_263' title='bbox 609 3791 747 3870; x_wconf 86' lang='lat' dir='ltr'><strong>faceret.</strong></span> <span class='ocrx_word' id='word_1_264' title='bbox 763 3785 801 3850; x_wconf 89' lang='lat' dir='ltr'><em>V</em></span> <span class='ocrx_word' id='word_1_265' title='bbox 795 3791 892 3845; x_wconf 84' lang='lat' dir='ltr'><strong>ocutis</strong></span> <span class='ocrx_word' id='word_1_266' title='bbox 907 3789 939 3842; x_wconf 86' lang='lat' dir='ltr'><strong>in</strong></span> <span class='ocrx_word' id='word_1_267' title='bbox 953 3783 1071 3842; x_wconf 86' lang='lat' dir='ltr'><strong>curiam</strong></span> <span class='ocrx_word' id='word_1_268' title='bbox 1085 3786 1195 3866; x_wconf 79' lang='lat' dir='ltr'><strong>legatis</strong></span> <span class='ocrx_word' id='word_1_269' title='bbox 1209 3783 1368 3842; x_wconf 72' lang='lat' dir='ltr'><strong>recinam</strong></span> 
     </span>
     <span class='ocr_line' id='line_1_33' title="bbox 267 3881 1367 3968; baseline -0.011 -16"><span class='ocrx_word' id='word_1_270' title='bbox 267 3887 445 3952; x_wconf 75' lang='lat' dir='ltr'><strong>est&#39;senntus</strong></span> <span class='ocrx_word' id='word_1_271' title='bbox 459 3892 628 3950; x_wconf 80' lang='lat' dir='ltr'><strong>consutam</strong></span> <span class='ocrx_word' id='word_1_272' title='bbox 634 3915 650 3963; x_wconf 79' lang='lat'><strong>,-</strong></span> <span class='ocrx_word' id='word_1_273' title='bbox 665 3881 807 3968; x_wconf 86' lang='lat' dir='ltr'><strong>jussique</strong></span> <span class='ocrx_word' id='word_1_274' title='bbox 823 3887 983 3942; x_wconf 83' lang='lat' dir='ltr'><strong>nominare</strong></span> <span class='ocrx_word' id='word_1_275' title='bbox 994 3895 1153 3962; x_wconf 80' lang='lat' dir='ltr'><strong>patronos,</strong></span> <span class='ocrx_word' id='word_1_276' title='bbox 1172 3895 1303 3966; x_wconf 72' lang='lat' dir='ltr'><strong>quantor</strong></span> <span class='ocrx_word' id='word_1_277' title='bbox 1321 3899 1367 3940; x_wconf 91' lang='lat' dir='ltr'><strong>no·</strong></span> 
     </span>
    </p>

    <p class='ocr_par' dir='ltr' id='par_1_10' title="bbox 253 3979 1374 4269">
     <span class='ocr_line' id='line_1_34' title="bbox 253 3979 1367 4070; baseline -0.013 -17"><span class='ocrx_word' id='word_1_278' title='bbox 253 3999 465 4070; x_wconf 77' lang='lat' dir='ltr'><strong>minaverunt,</strong></span> <span class='ocrx_word' id='word_1_279' title='bbox 481 3993 533 4053; x_wconf 87' lang='lat' dir='ltr'><strong>M.</strong></span> <span class='ocrx_word' id='word_1_280' title='bbox 544 3991 692 4050; x_wconf 87' lang='lat' dir='ltr'><strong>Porcium</strong></span> <span class='ocrx_word' id='word_1_281' title='bbox 708 3987 866 4055; x_wconf 87' lang='lat' dir='ltr'><strong>Catonem,</strong></span> <span class='ocrx_word' id='word_1_282' title='bbox 881 3985 919 4046; x_wconf 91' lang='lat' dir='ltr'><strong>P.</strong></span> <span class='ocrx_word' id='word_1_283' title='bbox 937 3985 1111 4045; x_wconf 83' lang='lat' dir='ltr'><strong>Cornelium</strong></span> <span class='ocrx_word' id='word_1_284' title='bbox 1121 3985 1315 4062; x_wconf 85' lang='lat' dir='ltr'><strong>Scipionem,</strong></span> <span class='ocrx_word' id='word_1_285' title='bbox 1331 3979 1367 4040; x_wconf 78' lang='lat' dir='ltr'><strong>L.</strong></span> 
     </span>
     <span class='ocr_line' id='line_1_35' title="bbox 267 4083 1374 4162; baseline -0.015 -9"><span class='ocrx_word' id='word_1_286' title='bbox 267 4091 436 4152; x_wconf 87' lang='lat' dir='ltr'><strong>AEmilium</strong></span> <span class='ocrx_word' id='word_1_287' title='bbox 444 4087 589 4154; x_wconf 87' lang='lat' dir='ltr'><strong>Paulum,</strong></span> <span class='ocrx_word' id='word_1_288' title='bbox 612 4086 646 4145; x_wconf 82' lang='lat'><strong>0.</strong></span> <span class='ocrx_word' id='word_1_289' title='bbox 665 4084 833 4162; x_wconf 84' lang='lat' dir='ltr'><strong>Sulpicium</strong></span> <span class='ocrx_word' id='word_1_290' title='bbox 853 4083 977 4144; x_wconf 82' lang='lat' dir='ltr'><strong>Gallum</strong></span> <span class='ocrx_word' id='word_1_291' title='bbox 982 4130 1045 4145; x_wconf 90' lang='lat'><strong>.....</strong></span> <span class='ocrx_word' id='word_1_292' title='bbox 1067 4084 1124 4144; x_wconf 81' lang='lat' dir='ltr'><strong>Act</strong></span> <span class='ocrx_word' id='word_1_293' title='bbox 1141 4096 1374 4161; x_wconf 82' lang='lat' dir='ltr'><strong>recuperatores</strong></span> 
     </span>
     <span class='ocr_line' id='line_1_36' title="bbox 265 4177 1372 4269; baseline -0.012 -22"><span class='ocrx_word' id='word_1_294' title='bbox 265 4192 390 4250; x_wconf 83' lang='lat' dir='ltr'><strong>adducti</strong></span> <span class='ocrx_word' id='word_1_295' title='bbox 409 4209 430 4246; x_wconf 93' lang='lat' dir='ltr'><strong>a</strong></span> <span class='ocrx_word' id='word_1_296' title='bbox 450 4183 642 4244; x_wconf 78' lang='lat' dir='ltr'><strong>citerioribus</strong></span> <span class='ocrx_word' id='word_1_297' title='bbox 659 4182 781 4263; x_wconf 82' lang='lat' dir='ltr'><strong>populis</strong></span> <span class='ocrx_word' id='word_1_298' title='bbox 799 4179 965 4269; x_wconf 72' lang='lat' dir='ltr'><strong>P.!Furius</strong></span> <span class='ocrx_word' id='word_1_299' title='bbox 982 4183 1098 4258; x_wconf 83' lang='lat' dir='ltr'><strong>Philus,</strong></span> <span class='ocrx_word' id='word_1_300' title='bbox 1119 4180 1159 4241; x_wconf 92' lang='lat' dir='ltr'><strong>ab</strong></span> <span class='ocrx_word' id='word_1_301' title='bbox 1180 4177 1372 4240; x_wconf 83' lang='lat' dir='ltr'><strong>ulterioribus</strong></span> 
     </span>
    </p>
   </div>
   <div class='ocr_carea' id='block_1_7' title="bbox 0 0 1476 4838">
    <p class='ocr_par' dir='ltr' id='par_1_11' title="bbox 0 0 1476 4838">
     <span class='ocr_line' id='line_1_37' title="bbox 0 0 1476 4838; baseline 0 0"><span class='ocrx_word' id='word_1_302' title='bbox 0 0 1476 4838; x_wconf 95' lang='lat' dir='ltr'><strong> </strong></span> 
     </span>
    </p>
   </div>
  </div>
 </body>
</html>
