2916 4838
762 401 766 410 ·
785 370 853 444 298

340 526 398 560 esse
411 509 573 562 comotione
585 511 706 566 videturs
721 511 811 583 potuit
823 526 946 562 accusare
959 510 1046 562 Cesar
1061 508 1211 560 Memmium
1220 505 1373 588 proBitlry-

339 591 396 654 nis,
413 604 524 663 pretore
539 593 580 646 vel
593 595 748 664 questionis
762 591 888 664 praeside,
903 591 946 644 sel
962 604 1140 644 contrastsute
1157 603 1270 662 petrono
1283 589 1372 658 aliquo

340 675 455 728 Vinicio.
464 676 576 748 Egger.]
590 677 719 732 Caesarem
732 688 819 729 autem
832 687 860 728 et
869 676 1020 728 Memmium
1031 674 1129 727 multos
1141 673 1290 726 simultates
1303 676 1371 726 inter

340 780 368 814 se
381 762 540 826 exercuisse,
555 762 763 835 suprsiidimus
775 761 804 814 in
817 760 850 814 C.
861 761 984 814 Memmio
998 773 1109 814 oratore.
1125 762 1269 812 Praeturom
1281 757 1369 830 Bithy·

343 842 413 895 nium
426 854 452 895 et
464 845 579 897 Pontum
591 845 701 898 sortitus
714 855 772 901 erut
781 842 813 896 C.
824 835 967 895 Memmius
977 845 1009 896 L.
1021 845 1052 896 F.
1064 861 1087 895 n.
1099 843 1132 895 U.
1144 843 1206 894 695.
1219 841 1317 908 [Codd.
1327 841 1369 893 bic
1395 849 1398 862 ³

337 927 459 992 turbunt;
471 927 572 1001 Regius
584 931 712 1002 antiquus
720 930 762 982 Μ.
774 930 800 982 V
798 926 870 989 circes
879 928 925 980 olii
931 930 973 981 M.
982 928 1069 988 Um'tc,
1078 929 1120 980 M.
1129 929 1157 981 V
1154 925 1252 988 ιἠοινις
1263 927 1308 980 ed.
1319 941 1367 979 vet.

338 1011 427 1063 Mami
432 1009 528 1065 Vtiss‘cs'.
540 1012 625 1066 Gellii
636 1015 794 1085 interpretes
805 1012 859 1064 fere
870 1013 898 1065 in
909 1013 950 1063 M.
962 1013 987 1065 V
987 1010 1049 1063 ἰηίεί
1055 1010 1250 1078 consentinus]

298 1119 379 1172 etism
392 1137 409 1172 a
417 1120 601 1192 proqutbquis]
615 1122 691 1175 locus
706 1133 857 1191 corruptus,
871 1133 903 1173 ut
918 1127 1059 1174 contextus
1071 1120 1157 1173 docet.
1176 1118 1286 1172 Gellius
1299 1121 1367 1170 enim

335 1203 457 1258 hocloco
471 1204 581 1261 censis
598 1206 709 1276 probare
728 1203 834 1266 studet,
854 1223 870 1256 e
888 1202 1031 1276 majoribus
1048 1204 1119 1276 apud
1136 1203 1270 1256 Romanos
1288 1203 1369 1256 fuisse

334 1290 498 1354 institutum,
512 1291 627 1361 primum
639 1290 741 1352 clienti,
753 1301 813 1342 tum·
822 1298 935 1361 cognato
947 1309 1022 1362 opem
1035 1290 1169 1343 ferendum
1181 1307 1250 1345 esse.
1262 1290 1366 1342 Grono-

333 1377 393 1427 vius
402 1374 523 1428 emendat
530 1377 623 1447 quc'bus
631 1384 692 1430 ante
695 1376 857 1448 propinquos
865 1383 965 1428 nostros
974 1395 1015 1450 op.
1016 1377 1046 1444 s.
1055 1376 1131 1437 cissis
1141 1396 1188 1450 ego
1197 1375 1267 1428 melo
1275 1377 1366 1444 quidus

333 1461 410 1514 eltism
417 1480 476 1532 proe
483 1459 637 1532 propinquis
650 1463 756 1515 nostrii.
768 1462 898 1534 [Optime3
910 1462 1166 1535 etbocposuimus.]
1239 1526 1242 1532 Δ
1296 1522 1300 1527 ‚

304 1584 463 1648 Rufinian.
455 1605 506 1668 ..p
522 1584 578 1648 201
589 1586 639 1648 ed
653 1585 799 1649 Ruhnko
812 1586 915 1648 Cesar
927 1605 984 1667 pro
995 1585 1255 1670 Bithynis·Quid
1263 1583 1364 1665 ergo?

263 1679 459 1768 Syngraphce
474 1704 534 1742 non
549 1697 626 1756 sunt,
641 1685 696 1742 sed
708 1703 757 1742 res
771 1683 873 1744 alicua
885 1699 943 1747 est

304 1781 468 1846 Suetonius
482 1801 601 1864 quoque
614 1781 691 1846 ces.
709 1801 738 1843 c.
757 1780 797 1844 49
810 1783 997 1844 mentionem
1007 1782 1086 1844 lacit
1100 1800 1200 1844 catum
1209 1741 1363 1853 Coessris,

263 1882 297 1946 in
312 1904 372 1965 qua
388 1889 502 1967 Nysam
517 1884 567 1945 vel
583 1880 823 1955 mammilliani
840 1881 1051 1957 Nicomedis,¹
1042 1904 1077 1944 m
1091 1896 1200 1945 senatu
1214 1882 1362 1957 defendit,

262 2005 320 2047 nec
339 2005 356 2046 a
374 1984 640 2048 verisimilitudine
658 2003 786 2066 prorsus
806 1982 973 2072 abhorret,
991 1987 1073 2066 opud
1084 1985 1222 2049 Gellitsm
1236 1996 1270 2046 et
1284 1985 1361 2047 Sue-

260 2082 378 2144 tonium
400 2083 539 2148 eumdem
559 2078 730 2159 significari
750 2101 895 2165 cansam..
911 2086 1019 2157 Nunc,
1041 2096 1202 2165 postquam
1221 2083 1285 2167 jum
1310 2085 1364 2144 din

260 2179 319 2238 boe
332 2178 537 2260 scripsissem,
550 2177 913 2256 Baumgorteu-Crusium
929 2177 962 2242 in
977 2181 1083 2244 eadem
1092 2237 1094 2244 ,
1103 2181 1258 2242 sententis
1279 2192 1303 2241 st
1309 2200 1364 2241 are

259 2278 361 2343 video.

534 2471 565 2532 6.
589 2488 697 2536 concio
714 2489 769 2532 ruo
784 2489 949 2535 suessione
965 2492 1083 2534 neoris.

302 2684 387 2746 Suet.
406 2679 481 2744 Caes.
500 2699 529 2739 c.
547 2681 584 2742 5:
602 2681 639 2738 1..
652 2675 769 2753 Giouae,
787 2680 892 2743 uxoris
906 2679 1007 2752 fratri,
1025 2679 1123 2760 etqui
1138 2697 1207 2740 oum
1222 2697 1260 2744 eo
1273 2675 1358 2740 civili

259 2782 413 2844 discordia
421 2781 570 2861 Lepidum
578 2782 690 2855 secuti,
701 2795 771 2863 post
781 2799 891 2843 necem
902 2781 1037 2844 consolis
1051 2782 1090 2843 ad
1099 2779 1274 2844 Sertorium
1286 2799 1358 2842 cou-

258 2877 411 2957 lugeront‚
425 2877 559 2939 reditum
573 2876 605 2937 in
621 2876 777 2938 civitatem
791 2880 954 2956 rogatione
966 2875 1065 2940 Plotia
1080 2873 1227 2951 coniecit,
1238 2877 1358 2938 habuit-

259 2989 359 3058 quest
371 2973 436 3058 ipse
447 2995 539 3058 super
550 2994 587 3036 ea
598 2995 634 3036 re
647 2975 838 3038 concionem.

292 3111 422 3185 rogatione
429 3113 529 3180 Plotio]
540 3113 833 3184 Boumgnrtcu-Crusids
844 3111 993 3166 adnotavit:
1005 3111 1071 3184 Egit
1080 3111 1209 3164 Plautum
1220 3131 1244 3164 s.
1252 3113 1357 3164 Plotius

332 3208 367 3252 tr.
378 3200 420 3271 pt.
437 3198 484 3252 hac
500 3199 630 3271 rogatum
646 3199 677 3251 de
694 3199 835 3252 reducendo
854 3201 885 3252 L.
903 3199 987 3252 Cinna
1003 3201 1095 3263 exulo,
1114 3219 1159 3252 nec
1174 3200 1357 3268 confisndendoe

327 3287 440 3361 ejusdem
453 3285 521 3358 leges
532 3288 564 3339 dc
576 3285 641 3338 vt'ct
647 3285 802 3360 judt'etizrc'a.
818 3287 899 3340 Recte
911 3286 982 3338 benc
991 3287 1153 3359 rogationem
1161 3285 1196 3338 sb
1207 3285 1269 3338 eliis
1277 3286 1356 3340 Plotii

327 3373 429 3426 tribuni
440 3372 480 3445 pl.
491 3370 620 3444 distingui
628 3370 716 3442 jubet,
724 3391 773 3425 neo
787 3371 815 3424 in
827 3373 919 3426 eodem
931 3373 1069 3426 tribunatu
1083 3372 1126 3426 lex
1138 3372 1171 3425 de
1181 3372 1270 3425 Cinna
1282 3375 1357 3425 resti·

325 3458 425 3512 tuendo
443 3469 470 3510 et
487 3467 579 3510 ceteros
591 3456 670 3510 Plosi
684 3456 755 3528 leges
769 3455 828 3508 lstae
840 3477 899 3510 esse
915 3469 1039 3528 possunt.
1060 3459 1126 3509 Nam
1142 3475 1174 3508 eo
1189 3475 1277 3521 enno,
1296 3475 1356 3510 curn

326 3545 428 3598 Plotius
448 3543 571 3596 tribunus
588 3542 627 3614 pl.
644 3555 715 3605 erat,
735 3561 804 3594 anno
822 3543 901 3596 Urbis
919 3542 981 3604 664,
1001 3543 1090 3596 Caessr
1107 3561 1163 3594 nou
1180 3541 1244 3614 plus
1264 3542 1355 3596 decem

327 3651 410 3684 annos
422 3630 530 3684 babuit:
541 3647 573 3681 ex
581 3645 634 3698 quo
644 3627 774 3697 sequitur,
784 3640 840 3680 tum
848 3647 909 3681 eum
920 3625 994 3680 illem
1004 3630 1165 3700 rogationem
1176 3627 1286 3681 suadere
1299 3649 1354 3682 non

324 3715 452 3787 potuisse.
467 3711 546 3781 Quod
563 3709 674 3763 fortusse
689 3728 767 3762 cause
781 3707 846 3775 fuit,
861 3729 909 3763 our
920 3709 1031 3781 Pighius
1045 3713 1116 3766 Ann.
1129 3709 1183 3764 vol.
1194 3710 1245 3773 Ill,
1259 3728 1287 3782 p.
1302 3713 1353 3766 228

323 3797 497 3871 fragmentum
505 3791 588 3864 hujus
597 3791 734 3857 orationis,
743 3791 814 3862 quod
824 3793 852 3844 in
859 3791 950 3845 Gellio
962 3791 1069 3864 legitur,
1080 3813 1134 3846 uon
1145 3795 1176 3846 C.
1187 3791 1243 3846 Jul.
1255 3794 1355 3848 Caesnri

288 3917 295 3927 ·
328 3883 464 3944 Dictatori,
473 3882 518 3935 sed
527 3881 558 3934 C.
568 3882 583 3931 J
587 3878 625 3933 ul.
634 3878 731 3932 Caessri
739 3878 862 3931 Straboni
872 3881 904 3931 L.
912 3881 942 3932 F.
954 3879 1078 3934 vindicet.
1090 3879 1168 3932 Alius
1178 3881 1305 3934 tribunus
1314 3881 1353 3954 pl.

324 3971 356 4021 Α.
367 3965 470 4018 Plotius
485 3963 609 4016 Silvanus
624 3981 648 4015 s.
658 3963 692 4013 U.
707 3962 755 4012 697
771 3960 799 4014 in
812 3961 898 4014 Fastis
911 3975 1079 4016 memoretur.
1103 3964 1156 4016 Res
1168 3983 1231 4037 ergo
1244 3983 1354 4036 prorsus

323 4057 423 4107 incerta
432 4061 482 4103 est.

292 4180 411 4246 cetms
424 4176 516 4255 xiii,
532 4175 568 4238 3:
591 4175 626 4238 tn
642 4169 783 4238 oratione
797 4173 834 4238 c.
848 4170 991 4248 usseris,
1008 4174 1239 4258 quartanum
1259 4131 1352 4257 sega-
