2904 4838
584 329 679 440 ⁴'ttr

1 524 5 577 ;
97 505 216 564 suadeat
226 525 285 565 non
296 510 364 566 sine
374 505 443 566 labe
451 489 702 595 vitr'orum.[Post
712 507 809 572 verba
818 527 859 568 ea
869 528 937 591 quse
947 513 1044 567 vinos
1055 513 1191 590 quedam

1 596 4 606 '
96 605 213 680 desunt,
225 603 294 668 sine
306 607 418 670 lacuna
428 619 533 672 tamen
546 609 579 671 in
592 607 729 700 codice]

134 702 267 764 Festus:
298 703 532 764 Percunctctnm
543 707 775 787 patrr'sfirmilioe
793 726 914 780 nomen,
935 710 1057 791 nequis
1075 727 1193 766 serrum

92 803 234 878 mitteret,
248 800 316 881 lege
328 815 466 862 sonatum
472 803 587 883 fitisse,
600 800 647 866 ait
656 802 735 867 Cato
749 801 782 865 in
797 823 847 877 ea,
861 822 922 883 qua
933 803 1035 882 legem
1045 803 1196 868 Orchiam

1 973 2 990 χ
91 897 259 963 dissuadet.

126 1055 237 1117 servum]
252 1051 404 1104 Notandum
417 1064 473 1114 est,
493 1051 664 1104 inhonestum
684 1065 708 1105 et
731 1053 885 1104 indecorum
903 1053 986 1106 luisse
1004 1053 1075 1124 apud
1091 1053 1197 1123 priscos·
1305 1059 1310 1072 '

161 1136 226 1190 illos
242 1139 386 1200 Romanos,
407 1155 512 1190 servum
532 1137 635 1190 mittere
655 1151 856 1210 percunctatum
875 1139 1063 1210 patrisfamiliae
1081 1157 1198 1201 nomen„

162 1237 241 1289 quem
250 1238 347 1271 morem
356 1239 389 1272 ex
398 1219 512 1272 heroicis
524 1220 686 1291 temporibus
699 1239 819 1274 manasse
826 1220 882 1272 reri
891 1217 977 1272 simile
986 1233 1044 1274 est..
1054 1219 1191 1273 beverias.
1291 1280 1295 1290 .

132 1358 309 1424 Macrobius
328 1362 455 1426 Saturn.
479 1363 521 1436 ll,
545 1362 603 1424 13:
620 1357 714 1426 Cato
726 1361 933 1446 sumptuarias
956 1364 1041 1442 leges
1060 1361 1199 1422 cibarias.

89 1458 238 1540 appellat.

280 1623 332 1684 35.
356 1613 478 1699 barrio,
496 1646 534 1686 nn
550 1646 617 1686 nscr
633 1646 751 1687 oncnrn
766 1646 997 1686 nnnootnsrun.

131 1790 359 1866 Argumentum
372 1801 442 1870 pete
457 1807 496 1850 ex
511 1788 720 1851 antecedenti.
742 1785 833 1862 Cato,
851 1807 920 1849 cum
934 1787 986 1849 lex
999 1787 1116 1851 Orchia
1129 1788 1191 1850 lata

89 1894 181 1958 esset,
195 1901 264 1944 eam
278 1881 435 1958 dissuasit,
447 1885 520 1965 quia
531 1885 685 1947 luxuriam
700 1904 764 1947 non
778 1906 908 1968 prorsus
921 1884 1110 1966 expelleret:
1124 1904 1192 1965 per-

89 1983 183 2043 latam
194 2000 270 2042 vero
282 1994 390 2064 postea
400 1981 547 2056 defendit,
560 2003 629 2046 cum
644 1979 707 2044 alia
721 1983 782 2059 lex,
796 2003 863 2064 quae
875 1981 971 2046 etiam
984 1982 1195 2043 multominus

89 2079 193 2139 luxum
207 2075 429 2158 restringebat,
445 2091 684 2161 proponeretur.
707 2077 817 2142 Maluit
832 2081 915 2143 enirn
929 2079 1011 2141 tueri
1026 2097 1106 2154 eam,
1124 2097 1191 2159 quae

90 2200 153 2243 non
167 2177 294 2242 omnino
308 2181 402 2253 bona,
418 2200 509 2262 quam
524 2201 590 2262 quae
599 2199 725 2264 prorsus
738 2179 914 2264 perniciosa
929 2195 1020 2244 esset.
1037 2177 1089 2244 Sic
1104 2181 1189 2242 labn-

87 2278 151 2338 lam
170 2275 316 2360 conjicio.
338 2272 493 2342 Weberus
511 2276 685 2342 orationem
707 2301 737 2340 a.
758 2281 797 2340 U.
819 2279 879 2342 593
899 2279 1014 2341 dictam
1035 2277 1191 2341 existimat

87 2378 212 2441 laudato
224 2375 435 2441 Freinshemio
455 2379 523 2440 Liv.
539 2377 653 2453 XLVI,
674 2377 727 2451 46,
741 2379 854 2462 Polyb.
871 2378 1020 2452 xxxtv,
1038 2379 1090 2454 24,
1105 2382 1190 2440 etad

87 2499 158 2540 eum
172 2480 275 2541 locum
284 2479 459 2558 Schweigh.
471 2481 550 2540 Tum
560 2478 642 2540 enim
654 2479 776 2540 Fannia
789 2480 840 2541 lex
850 2479 1041 2561 sumptuaria
1055 2482 1187 2560 perlata,

87 2579 191 2640 llaebia
205 2581 352 2659 derogata
366 2591 424 2641 est.
442 2576 597 2642 Macrobii
610 2579 710 2654 locus,
726 2599 817 2660 quem
833 2575 925 2641 initio
939 2579 1090 2641 orationis
1103 2598 1189 2659 supe·

88 2675 183 2742 rioris
197 2679 296 2752 attoli,
307 2678 381 2741 huic
393 2679 643 2740 adnumerandus
654 2689 711 2740 est.

125 2779 252 2840 Festus:
267 2803 281 2833 ι
297 2777 528 2850 obsonitavere,
547 2795 628 2860 sepe
648 2778 850 2840 obsonavere.
873 2775 950 2838 Cato
972 2777 1006 2837 in
1028 2771 1185 2849 suasione,
1216 2786 1263 2861 44

86 2895 126 2940 ne
149 2872 210 2956 legi
233 2875 360 2942 Orchiae
379 2877 606 2956 derogaretur:
637 2876 700 2957 Qui
720 2890 813 2934 anteo
834 2873 1061 2943 obsonitavere,
1085 2888 1193 2952 postea
1302 2880 1305 2891 '

84 2983 219 3040 tenonis
242 2979 457 3038 obsonitavere.
488 2975 654 3058 Significat
678 2989 782 3040 autem
806 2974 980 3056 convivari.
1005 3003 1019 3034 ι
1048 2976 1192 3056 Scaliger

85 3081 249 3144 emendat:
270 3079 332 3160 Qui
342 3095 431 3138 atreo
442 3099 502 3158 per
515 3101 550 3140 se
564 3084 761 3148 coenitavere,
781 3095 888 3156 postea
902 3083 1021 3140 centeni
1034 3077 1191 3138 obsonita-

85 3199 169 3240 vere.
185 3196 229 3225 ‘-
250 3179 316 3239 Per
330 3200 365 3239 se
382 3189 414 3239 et
429 3184 548 3238 centeni
563 3181 717 3261 opposuit,
735 3175 880 3259 quoniam
900 3197 1061 3240 numerum
1081 3181 1187 3239 convi-

84 3299 195 3342 varum
219 3275 455 3363 praescripserat
478 3278 539 3340 lex.
566 3279 683 3362 Popma
708 3279 869 3343 correxit:
893 3279 954 3360 Qui
975 3292 1064 3338 antea
1086 3284 1188 3338 octoni

84 3381 310 3457 obsonitavere,
329 3395 439 3460 postea
459 3383 577 3439 centeni
595 3379 814 3442 obsonitavere.
841 3379 997 3442 Dacerius
1015 3378 1113 3442 voluit
1137 3375 1189 3460 (et

84 3493 156 3544 ante
166 3500 235 3543 eum
247 3483 364 3544 Anton.
376 3479 589 3566 Augustinuslt
604 3481 665 3564 Qui
675 3495 765 3542 antea
778 3481 865 3541 denis
880 3484 1073 3550 coenitavere,
1081 3493 1187 3555 postea

83 3575 508 3652 commemoraveram
527 3588 561 3638 nt
580 3579 664 3638 denis
683 3591 716 3640 et
733 3583 866 3638 centenis
880 3596 1027 3642 numeros
1040 3573 1187 3657 impensae

82 3671 248 3754 significet,
262 3674 463 3756 qnodPighio
477 3695 598 3757 quoqne
613 3675 728 3758 placet,
741 3675 794 3756 qui
805 3675 862 3735 vili
874 3674 927 3738 vel
941 3674 1067 3737 omnino
1080 3686 1186 3736 notam

82 3769 177 3852 pretii
191 3771 393 3856 supplendam
407 3784 507 3856 putat.

124 3871 193 3932 Huc
205 3865 346 3953 pertinet
360 3868 455 3934 Plinii
470 3871 557 3934 locus
570 3871 609 3932 Η.
627 3872 667 3933 Ν.
682 3871 765 3948 Vlll,
781 3869 840 3933 512
856 3869 964 3948 Neque
982 3868 1043 3932 alio
1061 3889 1099 3930 ex
1118 3869 1188 3930 ani.

82 3964 156 4028 mali
165 3986 256 4048 mam
268 3986 307 4029 ex
315 3985 370 4030 soe
380 3969 574 4031 numerosior
583 3967 716 4032 materia
725 3987 843 4048 ganeaez
854 3966 1077 4048 quinquaginta
1087 3985 1183 4048 prope

79 4079 220 4144 sapores,
241 4084 311 4128 erm
329 4063 447 4128 ceteris
456 4062 581 4145 singuli.
607 4065 691 4128 llinc
708 4061 921 4130 censoriarum
941 4065 1042 4143 legum
1063 4058 1183 4143 paginae

80 4160 311 4245 interdictaque
324 4165 421 4230 crenis
437 4164 612 4238 abdomina,
630 4167 775 4245 glandia,
790 4163 939 4237 testiculi,
957 4157 1182 4241 vulrae‚'sinoi·
