2916 4838
602 321 669 399 atr

110 462 195 527 '‘Cic.
207 461 347 522 Deerat.
360 458 419 532 111,
437 457 449 519 l
464 457 669 541 :Deploravit
683 457 738 520 ille
747 456 798 521 die
809 470 1012 539 easumatque
1021 455 1188 522 orbitatem

84 574 218 636 senatun,
231 556 320 639 eujus
330 556 449 620 ordinis
463 577 481 620 a
495 557 631 633 consule,
646 557 699 638 qui
709 556 796 638 quasi
806 556 1028 638 parensbonus
1039 570 1092 627 aut
1104 569 1188 620 tutor

84 657 183 720 tidelis
196 677 263 720 esse
275 654 415 727 deberet,
438 667 585 736 tanqtmm
601 654 640 717 ab
656 656 760 738 aliquo
773 653 894 718 nefario
909 655 1056 736 praedone
1073 653 1189 736 diripe·

84 767 172 820 retur
188 749 408 836 patrimonium
422 752 582 832 dignitatis
606 775 615 814 a
634 773 732 832 neque
747 744 822 816 vero
836 773 903 815 esse
921 753 1117 827 mirandum,
1138 751 1181 822 si,

84 874 155 918 eum
171 838 238 914 suis¹¹
248 847 385 913 consiliis
398 850 622 940 rempublicam
637 849 845 932 profligasset,
875 848 1039 914 canalium
1059 861 1187 914 senatus

85 973 103 1015 a
118 952 282 1034 republica
297 949 491 1034 repudiaret.
508 949 569 1013 Hic
584 971 654 1014 cum
668 947 788 1012 homini
800 963 832 1012 et
844 950 1021 1012 vehementi
1031 962 1063 1012 et
1074 951 1192 1012 diserto
1220 1024 1224 1029 ι

84 1064 116 1116 et
131 1051 166 1115 in
179 1047 289 1135 primis
302 1051 377 1116 lorti
390 1052 431 1114 ad
444 1050 650 1114 resistendum
664 1049 809 1134 Philippo
825 1050 912 1132 quasi
926 1051 1072 1132 quasdam
1083 1050 1193 1114 verbo·

84 1175 154 1216 rum
167 1154 251 1218 laces
265 1152 463 1229 admovisset,
480 1173 543 1216 non
558 1153 629 1216 tulit
643 1153 696 1216 ille
717 1165 749 1216 et
769 1155 911 1233 graviter
925 1151 1040 1214 exarsit
1052 1149 1193 1235 pignori·

87 1257 204 1336 busque
219 1251 335 1318 ablatis
348 1255 493 1320 Crassum
514 1255 651 1318 instituit
665 1251 826 1318 coercere.
840 1256 910 1334 Quo
929 1254 1052 1337 quidem
1072 1252 1140 1338 ipso
1159 1254 1192 1316 in

85 1358 154 1422 loco
167 1358 263 1420 multa
278 1357 422 1421 aCrasso
437 1358 589 1420 divinitus
604 1353 688 1421 dicta
702 1357 926 1431 efferebantur,
943 1377 1014 1420 cum
1031 1355 1092 1419 sibi
1106 1353 1193 1419 illum

85 1455 243 1517 consulem
258 1473 324 1517 esse
339 1465 480 1534 negaret,
502 1455 553 1518 cui
567 1467 694 1518 senator
708 1452 776 1538 ipse
794 1476 858 1518 non
872 1470 964 1518 esset.
985 1455 1040 1514 An
1058 1467 1107 1528 tn,
1121 1476 1192 1514 cum

80 1577 209 1618 omnem
222 1561 433 1618 auctoritatem
449 1561 580 1618 universi
591 1558 712 1618 ordinis
718 1579 778 1637 pro
785 1561 1050 1638 pignoreputaris,
1062 1576 1192 1641 eamque

83 1658 115 1712 in
128 1669 289 1732 conspectu
297 1653 407 1730 populi
422 1653 554 1734 Romarzi
564 1655 747 1728 concideris,
763 1653 875 1713 melis
887 1653 1067 1732 pignoribus
1082 1658 1203 1714 existi.

48 1766 50 1770 '
86 1770 156 1813 mas
169 1772 261 1831 posse
273 1751 407 1811 terreri?
420 1751 552 1812 Nontibi
568 1752 622 1812 illa
634 1767 701 1812 nme
715 1753 872 1826 caedenda,
887 1758 917 1814 si
927 1752 966 1812 L.
984 1752 1128 1812 Crassum
1142 1758 1193 1813 vis

86 1867 251 1910 coercere.-
267 1846 334 1906 luec
349 1845 409 1906 tibi
425 1861 472 1908 est
489 1849 663 1908 excidenda
676 1848 781 1928 lingua
789 1873 802 1922 ;
816 1869 875 1933 qua
889 1847 943 1908 vel
953 1847 1067 1920 evulsa,
1082 1851 1193 1926 spiritu

86 1950 155 2024 ipso
169 1944 325 2006 libidinem
340 1958 424 2004 tunm
439 1944 562 2006 libertas
577 1967 648 2005 mea
661 1946 807 2026 reflorebit
816 1944 830 2005 ‚⁷
848 1945 1008 2010 Permulta
1021 1957 1088 2007 tum
1100 1945 1193 2008 velte·

85 2043 277 2106 mentissima
292 2042 494 2108 contentione
514 2040 622 2119 animi,
643 2043 774 2124 ingenii,
792 2040 907 2108 virium
922 2043 961 2106 ab
975 2064 1012 2106 eo
1026 2045 1111 2108 dicta
1124 2063 1193 2106 esse

86 2138 265 2214 constabat,
287 2139 534 2222 sententiamque
554 2161 640 2215 earn,
662 2162 753 2224 quam
768 2155 894 2205 senatus
908 2141 1053 2223 frequens
1067 2153 1192 2206 secutus

85 2251 135 2302 est
149 2237 353 2304 ornatissimis
365 2252 397 2301 et
410 2238 602 2322 gravissimis
616 2242 738 2306 verbis:
760 2241 800 2302 Ut
821 2243 934 2322 populo
949 2243 1088 2304 Romano
1101 2247 1191 2304 satis·

76 2340 186 2421 fieret,
207 2362 359 2424 nunquam
373 2357 495 2402 senatus
511 2361 608 2424 neque
625 2343 786 2402 consilium
802 2343 976 2422 reipublicae
990 2364 1086 2427 neque
1088 2345 1192 2424 fidem

87 2440 233 2520 dqfiiisse,
248 2439 288 2500 ab
298 2459 334 2502 eo
349 2439 475 2516 dictam,
487 2451 520 2500 et
528 2441 670 2502 eumdem
679 2439 721 2524 (id
731 2441 811 2520 quod
821 2440 856 2502 in
869 2437 1107 2503 auctoritatibus
1117 2461 1196 2524 prae-

86 2538 212 2619 scriptis
223 2541 337 2626 exstat)
348 2539 516 2601 scribendo
527 2539 664 2601 affuisse.

127 2636 359 2723 Quintil.Vlll‚
380 2643 411 2716 3,
431 2643 491 2705 89:
516 2639 598 2702 lituu
618 2639 743 2702 Crassi:
760 2638 828 2720 Ego
851 2655 881 2700 te
901 2639 1056 2702 consulem
1074 2653 1191 2717 putem,
1291 2623 1292 2629 ἵ

88 2755 159 2800 cum
172 2755 203 2800 tn
217 2761 268 2800 me
280 2760 340 2802 non
351 2755 439 2820 putes
453 2754 627 2802 senatorem
637 2739 654 2798 '2
663 2741 822 2804 -Valem
843 2741 925 2804 Max.
938 2741 991 2814 Vl,
1011 2740 1043 2817 2,
1063 2739 1096 2814 2,
1111 2735 1195 2802 idem

89 2851 219 2906 narrate
236 2837 302 2900 Non
315 2855 404 2912 estu,
424 2833 543 2918 inquit,
560 2837 655 2917 milii,
673 2837 835 2920 Philipps,
855 2839 974 2911 consul,
994 2841 1064 2925 quin
1079 2860 1119 2898 ne
1134 2859 1195 2920 ego
1216 2922 1217 2930 ἵ

89 2942 211 3028 qm'dem
227 2939 286 3000 tibi
299 2955 425 3000 senator
437 2959 516 3000 sum.

136 3034 217 3129 [Nou
232 3037 308 3104 eatis
321 3039 429 3121 liquet,
446 3042 528 3105 unde
543 3041 719 3124 desumptus
733 3037 775 3102 sit
787 3037 911 3122 integer
926 3042 1107 3105 senarinsin
1121 3040 1191 3104 Cic.
1272 3047 1277 3062 ‘

90 3137 225 3203 Oratore
239 3158 269 3199 c.
282 3137 335 3200 66.
351 3139 428 3220 Quae
440 3157 511 3199 mox
524 3134 641 3200 ibidem
654 3150 836 3220 sequuntur,
854 3158 894 3200 ex
914 3139 1064 3202 concione
1082 3151 1195 3202 contra

91 3239 272 3321 popularem
284 3238 451 3302 landonem
460 3237 559 3321 petita
573 3239 696 3316 eredas,
709 3237 771 3302 nisi
785 3253 858 3302 sunt
871 3259 909 3302 ex
924 3240 1066 3304 motione
1077 3241 1111 3302 in
1120 3238 1196 3304 Phi·

91 3333 222 3421 lippum.
237 3332 383 3423 uranu]

93 3559 125 3619 9.
148 3565 258 3616 onarro
274 3565 303 3614 nt
318 3571 350 3614 n.
364 3569 515 3616 mrontuu
533 3573 573 3616 nr
591 3571 779 3616 annrnrrarn
795 3574 879 3618 cusu
893 3575 951 3619 ven
965 3573 1021 3620 rao
1036 3552 1080 3616 u'.
1092 3573 1195 3620 cento.
1227 3569 1294 3646 153

136 3767 226 3832 Dixit
243 3785 301 3849 pro
319 3765 361 3827 Μ.
372 3763 512 3849 Coponio
527 3767 568 3852 Q.
585 3765 735 3832 Scaerma
759 3771 840 3832 Acta
852 3780 899 3832 est
913 3787 1006 3832 causa
1020 3787 1051 3831 a.
1063 3769 1106 3840 U.
1121 3769 1195 3844 tet,

93 3868 134 3934 Τ.
146 3865 275 3934 Manilio
289 3879 435 3949 praetore.

132 3971 203 4036 Cio.
216 3967 305 4030 Brut.
319 3987 349 4030 c.
361 3967 414 4042 39,
429 3965 510 4031 145:
527 3969 565 4030 In
580 3965 833 4052 interpretando,
851 3969 884 4032 in
899 3969 1087 4045 definiendo,
1100 3967 1134 4031 in
1148 3987 1200 4031 ex·

94 4067 239 4155 plicanda
253 4063 397 4154 aequitate
414 4062 493 4127 nibil
508 4079 579 4129 erat
592 4065 705 4130 Crasso
719 4068 888 4149 copiosius,
907 4069 998 4152 idque
1011 4089 1105 4151 quum
1119 4087 1200 4150 saepe

95 4169 184 4242 olias,
200 4177 267 4228 tum
286 4165 367 4244 apu'd
386 4161 597 4228 centumviros
615 4165 649 4228 in
667 4165 721 4228 Μ’.
736 4162 825 4228 Curii
843 4187 936 4229 causa
958 4163 1118 4246 cognitum
1136 4179 1197 4228 est.
