2904 4838
771 318 834 394 181

225 485 231 492 -
265 456 358 518 tionis
372 455 531 517 admodum
547 467 592 517 est
615 455 773 525 obscurus,
795 468 885 536 utque
904 456 1105 540 supplendum
1123 465 1197 536 puto
1223 455 1351 512 Dieram

262 558 406 615 dictarum
421 555 458 614 de
467 555 621 615 consulatu
633 577 687 615 sao
701 555 791 616 liber.
807 559 1008 621 Accusatores
1023 557 1127 638 plures
1141 554 1279 630 inerunt,
1292 573 1352 614 uon

265 673 354 727 unus,
370 665 405 714 ut
419 672 456 714 ex
470 650 651 734 fragmentis
665 666 805 738 apparet.
814 657 859 716 Ac
873 653 1038 739 probabile
1053 667 1111 730 est,
1125 653 1275 718 Catonem
1288 671 1355 714 ora·

261 755 380 830 tiones,
405 752 512 817 diebus
524 754 615 816 dictis
629 775 686 838 pro
701 776 733 818 se
747 753 884 830 habites,
906 755 940 820 iu
957 777 1017 820 ouo
1032 755 1113 820 libro
1128 757 1273 820 collectas
1292 754 1352 816 edi·

261 854 353 919 disse·
374 849 539 942 [Similiter
554 853 692 937 conjecit
713 859 806 920 etium
821 860 958 922 Bolhuis.
978 879 1009 942 p.
1029 860 1086 922 102
1104 879 1165 939 sq..
1185 869 1256 941 apte
1273 853 1353 917 Festi

260 953 359 1015 locum
387 971 650 1024 commemorans,
667 971 698 1015 u.
723 954 819 1016 Recto
824 956 944 1036 fronte,
966 952 1021 1016 ubi
1037 956 1212 1016 dissertatio
1226 964 1352 1015 vocator

260 1049 312 1111 hic
326 1046 434 1140 libem]
453 1052 485 1112 ls
502 1050 686 1112 continebat
703 1069 809 1114 omnes
834 1053 983 1128 actiones,
1008 1049 1118 1134 quibus
1137 1052 1177 1113 de
1195 1050 1352 1113 considam

259 1165 325 1223 suo,
342 1147 380 1208 de
395 1147 610 1229 proconsulatu
622 1145 656 1209 iu
672 1149 831 1230 Hispania,
848 1152 887 1212 de
899 1149 982 1213 bello
996 1151 1142 1212 adversus
1153 1147 1350 1217 Antiochum,

261 1263 320 1326 quo
334 1255 472 1326 tempore
485 1244 586 1307 iuerat
595 1245 725 1322 legatus,
741 1247 824 1308 etde
842 1266 973 1308 censura
994 1267 1049 1308 sua
1062 1248 1096 1309 in
1104 1243 1255 1328 judicium
1265 1265 1352 1308 voca·

259 1355 309 1402 tus
319 1343 471 1403 rationem
486 1341 631 1402 reddidit.
648 1341 803 1404 Weberus
810 1341 972 1405 adnotavit
986 1363 1017 1425 p.
1032 1344 1071 1405 25
1084 1365 1092 1404 τ
1106 1369 1120 1399 e
1136 1345 1184 1405 De
1194 1343 1350 1406 consulatu

260 1459 315 1502 suo
328 1440 432 1522 plures
446 1435 569 1499 ridetur
588 1435 746 1501 orationes
759 1439 911 1515 ltebuisse,
928 1439 1038 1522 quibus
1053 1437 1350 1502 administrationem

259 1540 398 1600 muueris
409 1548 520 1601 contra
538 1535 730 1602 adversarios
749 1537 938 1610 defenderet,
956 1535 1017 1600 uisi
1032 1538 1112 1600 iurte
1124 1556 1172 1613 eu,
1197 1558 1291 1620 quarn
1304 1539 1351 1599 ad·
1371 1617 1372 1620 Ἴ

259 1655 368 1698 versus
382 1635 419 1699 C.
439 1636 578 1700 Cassium
591 1635 817 1718 pronuntiarit,
833 1637 941 1698 eadem
955 1648 1015 1705 est,
1031 1655 1097 1717 quae
1111 1633 1298 1720 simpliciter
1307 1635 1349 1695 iu·

259 1732 410 1796 scribitur
425 1734 475 1795 De
488 1733 688 1798 consolatu.»

490 1977 543 2037 68.
565 1993 674 2036 ouurro
698 1995 727 2036 ru
748 1996 778 2036 c.
801 1993 960 2036 sourmtutt
981 1979 1112 2037 siritu.
1197 1957 1243 1998 '³'

300 2186 413 2250 Catoni
429 2187 551 2250 censori
569 2208 639 2250 earu
653 2187 792 2251 vindieat
805 2187 972 2252 Webertm.

299 2286 406 2359 Festus
424 2304 455 2345 v.
478 2284 654 2346 Nassitema
672 2310 683 2343 .·
700 2285 778 2348 Cato
799 2283 833 2347 in
852 2284 1055 2359 causatione,
1077 2302 1168 2364 quum
1180 2283 1351 2364 composuit

258 2381 291 2444 iu
305 2383 345 2465 Q.
364 2381 431 2464 (sic)
444 2379 614 2464 Sulpicium
626 2403 635 2444 t
654 2382 775 2466 Quoties
789 2383 858 2445 vtdt
868 2383 985 2454 aedas,
1005 2385 1186 2452 nasitemus,
1208 2393 1349 2457 pertram

195 2540 202 2550 ,
256 2482 386 2565 dunelm,
406 2469 730 2544 matellassiaeansis.
770 2513 773 2522 λ

293 2643 413 2711 trullas]
431 2643 568 2697 emendavi
594 2645 732 2718 vulgatum
751 2645 855 2698 trullas.
883 2643 1017 2716 Scaligcro
1044 2641 1146 2716 placuit
1170 2638 1287 2696 trulleos.
1310 2641 1345 2692 De

329 2732 416 2802 priore
430 2731 512 2784 forma
525 2732 585 2784 vido
603 2733 793 2787 Schneiderum
803 2733 838 2786 ed
850 2733 944 2785 Geton.
960 2734 998 2784 De
1010 2749 1038 2784 tu
1052 2743 1120 2784 rust.
1134 2747 1192 2802 cup.
1218 2731 1250 2782 10
1262 2741 1291 2782 et
1306 2730 1344 2778 tt.

327 2817 427 2868 Deinde
438 2817 504 2869 Cod.
514 2817 646 2887 perfusos.

288 2964 452 3032 aasc'tcmas]
471 2984 522 3018 non
536 2965 705 3026 nassiternas,
720 2976 751 3018 ut
762 2964 862 3019 codex:
876 2966 929 3018 vid.
947 2964 1072 3020 Schneid.
1082 2965 1115 3019 ad
1127 2965 1249 3020 eumdem
1259 2966 1311 3021 loc.

445 3197 498 3262 69.
520 3217 629 3261 oasrto
649 3219 714 3274 Qum
730 3222 769 3262 uu
785 3219 952 3264 nocuimus
966 3222 1156 3265 ruscurmruu.

295 3403 403 3468 Festus
417 3403 594 3465 :Pmbrum
606 3409 736 3486 virginis
746 3405 901 3482 Vestalis,
922 3420 959 3469 ut
973 3409 1075 3490 capite
1100 3406 1278 3491 puniretur,
1296 3409 1345 3470 vir

251 3503 306 3588 qui
320 3524 388 3566 eam
401 3499 627 3580 incestavisset,
650 3504 834 3568 uerberibus
861 3518 1036 3580 necaretur,
1058 3505 1107 3569 lex
1129 3505 1190 3571 fixa
1210 3504 1346 3570 insanio

253 3603 431 3679 Libertatis,
449 3625 519 3667 cum
536 3605 639 3668 multis
658 3603 729 3668 aliis
747 3607 867 3686 legibus
879 3603 1025 3676 incendio
1040 3622 1222 3694 consumpta
1238 3622 1296 3682 est,
1313 3623 1346 3671 ut

177 3713 224 3789 78
250 3703 296 3767 ait
305 3705 348 3764 M.
362 3702 439 3767 Cato
448 3703 487 3786 jn
497 3724 534 3767 ea
548 3705 701 3778 oratione,
718 3724 783 3788 quse
793 3703 1015 3783 Deaagaribus
1029 3705 1221 3770 inscribitur.
1230 3706 1347 3790 Adjicit

156 3845 159 3852 ·
247 3823 378 3888 quoque,
395 3808 533 3886 virgines
550 3805 691 3866 Vestales
702 3805 871 3866 sacerdotio
883 3820 1099 3886 exauguratus.
1152 3795 1154 3802 ¹

282 3969 491 4041 Eaaraguratas]
513 3968 585 4020 Vitio
600 3966 789 4040 typographico
804 3965 833 4020 iu
847 3967 951 4022 Decarii
962 3968 1026 4024 edit.
1040 3975 1225 4024 senatuum
1235 3971 1343 4044 iegitur,
1438 4007 1442 4020 t

316 4053 388 4124 quod
405 4053 472 4107 Liou
492 4051 655 4122 propagarit.
674 4051 851 4123 Eaoegraare
872 4065 913 4109 eat
930 4054 1034 4125 privare
1049 4055 1164 4126 Quem
1186 4057 1344 4112 acerdotio.

316 4143 475 4194 Memorutur
487 4135 512 4186 F
514 4135 594 4188 lamen
605 4127 787 4208 nicagoratus
801 4138 828 4192 in
841 4137 937 4199 Orellii
951 4143 1085 4215 Inscripti.
1102 4160 1129 4196 u·
1143 4143 1222 4196 2207·
