2934 4846
113 479 224 534 nomeu
237 461 381 532 lectionis
394 463 574 544 corruptela
587 463 742 529 incertum
756 473 816 532 eet,
836 481 936 542 neque
950 461 984 524 ie
998 461 1212 527 Ciceronianis

111 563 195 632 locus
208 575 321 637 castet,
337 580 398 644 quo
413 583 526 634 nornen
539 562 605 644 eius
618 562 778 638 alienatur,
794 583 864 630 cum
879 561 1050 628 Dolabellae
1067 577 1099 623 et
1109 561 1207 627 Hirtii

111 665 218 744 stupida
235 662 296 733 ilat„
308 663 437 734 mentio.
457 664 519 734 Sed
531 678 638 732 rursus
649 666 758 732 Paneoe
771 683 884 728 nomen
899 649 1114 726 fflis‘nddinun
1126 660 1212 724 vidc-

111 781 177 828 mue
191 758 326 844 Quintil.
343 761 417 832 XII,
434 759 484 852 11,
502 760 533 838 6,
554 774 587 823 et
603 761 781 828 aSuctcnio
798 763 845 826 De
865 762 944 829 clar.
965 761 1063 822 rhett.
1077 761 1106 835 1,
1128 778 1159 840 p.
1174 759 1212 820 30

111 859 158 926 ed.
171 859 269 924 Wolf.
286 860 327 925 Et
338 856 477 922 Wolffius
496 859 625 926 alterius
643 859 706 925 loci
717 856 925 942 Quintilianei
937 877 1069 932 memor,
1085 856 1213 918 nimium

109 977 221 1028 teucro
232 961 338 1022 Panse
352 978 466 1027 nornen
480 959 577 1028 etiam
588 960 627 1020 de
636 959 784 1026 Suetonio
793 957 947 1022 tollirull.
965 962 1007 1020 At
1017 959 1101 1020 lrunc
1111 954 1214 1020 virum

108 1054 152 1124 ob
166 1055 346 1135 denuntia
355 1051 460 1123 eludit
483 1056 631 1122 dilectum
641 1050 788 1117 Ciceroni
803 1053 893 1116 luiuc
906 1053 988 1118 liber
1003 1056 1032 1118 ei
1046 1053 1215 1138 inscriptus

108 1156 245 1222 munda
261 1157 310 1222 Dc
324 1169 405 1227 crte,
415 1173 508 1235 quem
524 1151 641 1220 Nonius
655 1161 878 1218 bommemorat
890 1173 922 1234 p.
950 1153 1001 1225 30,
1024 1175 1056 1214 v.
1074 1158 1215 1217 inmune
1238 1171 1244 1178 ·

112 1249 161 1342 [pa
186 1257 258 1330 126,
279 1256 332 1329 ll,
355 1251 463 1316 ubiad
475 1254 634 1333 Pataram
648 1266 683 1319 el.
694 1254 837 1317 similiter
848 1274 879 1335 p.
897 1253 968 1329 509,
994 1253 1076 1316 llet
1091 1253 1143 1328 92,
1161 1257 1213 1328 21,

104 1351 162 1416 nbi
175 1354 231 1416 ἢὸ.
257 1353 316 1416 111
335 1345 629 1441 ,commemor-atur}
655 1353 743 1436 Quin
762 1352 857 1414 etiem
877 1350 1010 1413 Plancus
1030 1350 1070 1412 ob
1092 1349 1216 1432 elegans

104 1447 270 1530 ingenium
298 1451 337 1512 ad
360 1451 417 1512 has
439 1449 680 1522 exercitationes
706 1447 855 1512 admissus
879 1462 939 1510 est.
963 1451 1001 1511 V.
1025 1449 1149 1511 Ruhnk.
1177 1451 1215 1512 ed

108 1547 221 1614 Vellei.
242 1547 356 1622 11,63‚
379 1567 410 1628 p.
435 1545 508 1612 285.
527 1549 662 1631 Quodsi
691 1550 758 1629 quis
776 1567 889 1627 negare
912 1547 1024 1620 vellet,
1046 1551 1155 1612 eadem
1176 1551 1215 1611 de

110 1665 213 1720 uulua,
229 1657 298 1724 quae
313 1645 347 1706 in
362 1645 464 1711 Pena
479 1645 612 1720 obtinet,
621 1643 695 1712 ficri
703 1645 827 1735 liceret.
840 1647 918 1728 Nam
926 1665 1026 1724 neque
1035 1647 1117 1728 apud
1125 1645 1212 1708 Cice·

107 1759 217 1810 runem
230 1759 336 1822 nuque
350 1745 432 1824 apud
446 1741 676 1826 Quintilianum
696 1740 819 1808 disertis
836 1742 940 1805 verbis
953 1755 1153 1805 memoretur:
1171 1779 1212 1791 --

107 1840 270 1910 Sedmulti
287 1842 347 1908 buc
358 1853 450 1904 aetate
464 1843 606 1908 rhetores
623 1844 727 1907 Rome
741 1841 979 1910 increbuerunt,
1001 1841 1040 1904 ed
1051 1861 1129 1922 quos
1150 1854 1212 1901 stu-

108 1937 187 2000 diosi
194 1937 325 2020 juvenes
336 1957 402 2000 ecee
416 1938 596 2001 conferrent
605 1939 819 2006 declamaturi.
838 1938 931 2000 Tales
948 1938 1076 2002 suerunt
1089 1941 1131 2000 Μ.
1148 1940 1212 1999 An·

108 2036 212 2106 tonius
231 2037 370 2118 Gnipho,
392 2056 483 2118 quem
504 2034 599 2103 ctiam
617 2050 731 2118 praetor
749 2035 868 2101 audivit
881 2036 991 2104 Cicero
1007 2036 1143 2119 (Sueten.
1166 2037 1213 2098 De

110 2136 190 2208 eder.
202 2155 333 2215 gramm.
349 2151 381 2198 et
392 2136 464 2199 inde
475 2138 635 2219 Spalding.
649 2141 691 2206 ,ad
705 2135 840 2221 Quintil.
859 2139 888 2213 1,
903 2141 933 2213 6,
948 2138 1014 2224 23);
1027 2140 1064 2199 L.
1081 2136 1222 2208 Plotius,

111 2233 163 2295 cui
178 2237 217 2296 ad
230 2235 369 2302 ultimam
383 2249 479 2316 usque
492 2247 683 2298 senectutem
697 2233 840 2317 discipuli
855 2255 918 2298 uon
929 2237 1093 2300 defuerunt
1107 2235 1210 2316 (conf.

108 2335 127 2416 ς
144 2334 219 2412 10),
236 2335 282 2398 sic
296 2333 477 2416 Pompeium
492 2336 597 2399 docuit
611 2339 647 2402 Τ.
664 2336 816 2404 Otacilius
825 2335 938 2406 Pilitus
950 2336 1054 2420 (Suet.
1070 2339 1119 2398 De
1132 2337 1211 2397 cler.

108 2436 206 2502 rhett.
217 2457 247 2500 c.
262 2436 294 2500 3.
308 2434 345 2520 *)
358 2462 368 2514 ,;
381 2437 510 2518 Epidius
522 2437 690 2504 Antonium
704 2437 953 2501 etOctarianum
963 2441 1006 2516 (l.
1023 2439 1078 2500 cit.
1096 2458 1127 2498 c.
1143 2436 1176 2498 4.
1186 2438 1210 2520 ),

109 2549 142 2603 et
153 2536 243 2602 illum
258 2536 352 2602 etiam
368 2537 441 2601 Sex.
464 2537 601 2622 Clodius,
616 2538 655 2600 de
667 2557 727 2618 qm
743 2537 888 2618 frequens
904 2539 938 2600 in
957 2534 1140 2618 Philippicis
1161 2536 1212 2598 Gi·
1326 2559 1329 2572 ·

111 2653 199 2708 ww,
216 2645 247 2696 t.
266 2636 308 2705 ll,
324 2633 363 2710 43
378 2635 438 2708 Ill,
463 2637 494 2705 9,
510 2633 602 2711 alibi;
619 2635 702 2699 conl.
722 2637 810 2698 Suet.
833 2634 856 2694 l.
874 2656 903 2696 c.
927 2635 958 2710 5,
973 2629 1172 2695 Lactantium
1187 2633 1211 2706 l,

111 2735 163 2798 22.
181 2745 220 2782 '—
235 2733 405 2799 Plurimum
415 2746 518 2800 autem
536 2735 642 2818 glorias
655 2736 861 2814 Hermagoras
875 2737 988 2798 Grtece
1000 2734 1139 2795 docendo
1151 2751 1214 2793 rne-

110 2835 187 2908 ruit‚
204 2853 296 2912 quem
314 2847 389 2915 quot
399 2831 481 2900 locis
493 2832 615 2909 Cicero,
632 2834 774 2914 quamvis
787 2849 850 2904 non
864 2834 1003 2916 pendens
1015 2832 1054 2894 ab
1072 2830 1211 2914 ejueore,

34 3007 36 3013 y
110 2929 301 3000 laudaverit,
316 2949 560 3001 conmemorare
568 2933 762 3014 supersedeo.
774 2929 863 2995 Corsi.
875 2931 1009 3013 Quintil.
1029 2931 1074 3004 11,
1090 2929 1140 3002 15,
1161 2930 1210 3004 14,

108 3029 380 3114 etihiSpaldiug.,
396 3032 531 3098 Belinde
542 3033 631 3096 Ballu
644 3035 678 3099 in
690 3035 823 3094 Histoire
837 3035 875 3094 de
888 3034 1072 3118 l'elrrqroence
1083 3030 1155 3091 cbez
1169 3031 1214 3090 les

50 3146 54 3151 “
112 3130 226 3202 Graes.
242 3131 306 3200 vul.
322 3131 366 3206 ll,
385 3153 416 3214 p.
434 3133 486 3198 93.
504 3135 572 3198 Huc
586 3135 734 3216 pertinet,
755 3135 835 3214 qued
851 3134 971 3213 lsidoro
991 3133 1101 3211 Origg.
1117 3133 1157 3207 ll,
1180 3131 1211 3204 2,

110 3245 259 3316 tenqrrer'n
279 3234 390 3298 tertius
407 3235 580 3298 rhetorices
596 3239 742 3301 inventor
762 3254 831 3298 cnm
854 3235 973 3314 Gorgia
996 3248 1030 3296 et
1044 3233 1214 3296 Aristotele

109 3331 300 3394 celebretur.
315 3330 376 3395 Hie
390 3329 583 3413 antiquiores
589 3345 733 3396 auctores
747 3352 810 3394 non
817 3331 895 3394 ,eutis
903 3330 1090 3410 intelligens,
1107 3330 1213 3390 dicere

109 3425 228 3503 debuit,
242 3429 376 3492 nuere
395 3429 554 3511 praecipue
572 3441 686 3502 artem,
713 3427 852 3492 diuersas
876 3430 1014 3490 rationes
1028 3440 1060 3488 et
1082 3421 1212 3488 consilia

110 3525 259 3602 ineundo,
286 3524 481 3608 explicuisse.
502 3527 678 3590 Prohibitus
701 3525 798 3608 igitur
825 3529 967 3590 rhetoras
992 3546 1054 3590 non
1083 3524 1213 3605 amplius

112 3620 204 3688 ideae
219 3633 325 3704 putata
351 3625 407 3684 sed
421 3623 595 3688 nonorifica
620 3637 724 3688 temen
749 3647 786 3688 ea
801 3622 949 3708 professio
970 3621 1111 3685 nonfuit
1139 3637 1213 3684 ante

112 3719 244 3786 uetiam
258 3719 389 3797 Argileti
402 3733 536 3786 aetatem.
553 3724 963 3788 verumenimvero
980 3723 1020 3798 11,
1035 3741 1067 3803 p.
1082 3721 1140 3784 tal
1160 3725 1211 3785 ed.

147 3956 159 3986 ³*
177 3955 219 4010 cf.
232 3955 267 4014 de
280 3959 332 4013 hoc
345 3971 373 4014 ct
385 3959 480 4028 Plotio,
495 3959 639 4015 Eusebium
653 3981 680 4034 p.
701 3961 751 4018 150
764 3963 797 4016 ad
815 3983 839 4016 a.
857 3965 943 4018 1936:
965 3961 1035 4014 unde
1051 3959 1116 4013 mihi
1133 3959 1214 4031 plano

111 4049 224 4190 zm,
242 4048 313 4103 nale
337 4047 370 4102 de
390 4049 465 4105 Ptlitr'
480 4051 586 4105 nominc
601 4051 672 4105 viros
687 4051 777 4107 doctor
796 4051 947 4115 dubitasse,
970 4049 1122 4104 Pitholaum
1142 4063 1209 4117 pru-

123 4142 138 4180 e
217 4145 240 4180 s.
