2916 4838
616 356 684 428 287

137 492 190 553 Δ13.
214 494 402 571 Defenderat
421 505 494 554 ante
510 513 633 556 causam
648 496 804 558 Sullanam
819 495 985 574 aliquando
1001 494 1041 552 L.
1054 495 1088 554 V
1088 517 1196 575 ‹rigau-

93 596 196 664 rctum,
209 604 396 664 senatorem,
410 593 448 652 de
460 591 578 654 ambitu
591 610 690 653 reum.
706 593 775 656 Cic.
786 592 845 656 Or.
858 612 918 675 pro
928 591 1013 656 Sulla
1025 609 1054 651 c.
1068 593 1097 652 2.

135 688 185 749 ll.
211 689 248 747 l..
261 689 295 750 V
293 690 429 748 aleu’um
439 689 589 749 Flaccum
604 710 665 752 nna
681 711 750 752 cum
761 689 914 752 Cicerone
925 689 1063 771 defendit
1077 709 1106 750 a.
1120 689 1194 752 694.

90 789 204 852 Cicero
226 789 264 849 de
285 789 344 850 bac
367 789 510 852 oratioue
524 791 564 852 ad
577 791 715 853 Atticum
730 790 856 874 scripsit
870 791 966 874 Epist.
982 791 1023 865 ll,
1043 789 1103 852 25:
1123 815 1136 844 ι
1157 793 1199 850 At

91 887 198 948 hercle
213 886 292 949 alter
307 899 376 948 tuus
390 887 570 962 familiaris,
588 890 752 964 Hortalus,
768 909 860 970 quam
873 889 965 972 plena
979 909 1089 961 mann,
1106 908 1198 970 quarn

88 989 235 1067 ingenue,
250 1007 341 1068 quam
356 1001 469 1051 ornate
485 1001 607 1051 nostras
621 990 727 1052 laudes
748 989 782 1050 in
804 1001 891 1050 astra
911 989 1043 1063 sustulit,
1066 1010 1137 1052 cum
1160 991 1198 1048 tle

88 1087 197 1150 Flacci
211 1101 348 1172 praetnra
370 1103 403 1152 et
423 1091 462 1152 de
485 1089 537 1151 illo
553 1100 694 1172 tempore
708 1089 912 1170 Allobrogum
928 1087 1059 1150 diceret.
1076 1116 1090 1144 a
1115 1091 1195 1152 Ado.

87 1183 145 1248 Or.
160 1204 217 1264 pro
227 1185 339 1246 Flacco
352 1205 381 1245 c.
396 1187 430 1248 1Ῑ
443 1198 474 1246 et
487 1185 539 1247 23.

136 1281 189 1342 15.
212 1281 317 1343 Alium
331 1279 495 1344 Valeriam
512 1282 662 1343 Flaccum
680 1283 787 1345 eodem
807 1301 891 1344 anno
911 1281 1056 1360 defhadit.
1077 1283 1115 1342 V.
1128 1278 1195 1344 Cic.

89 1377 192 1460 Epist.
207 1379 246 1460 ad
259 1383 325 1440 Att.
338 1378 381 1453 ll,
395 1377 427 1442 3.

136 1481 188 1542 16.
212 1479 252 1537 Ρ.
271 1481 408 1541 Sestium
430 1501 500 1544 cum
519 1481 673 1545 Cicerone
692 1483 828 1560 defendit
848 1503 878 1542 a.
891 1481 964 1546 ost.
986 1478 1199 1543 V-Ciceronis

91 1577 384 1640 orationemc.2et
399 1577 428 1642 6.
470 1620 476 1640 .

136 1679 186 1740 ll.
213 1679 263 1739 M
283 1678 393 1739 AEmll.
410 1681 565 1740 Scaurum
588 1701 658 1744 cum
682 1681 837 1743 Cicerone
859 1679 1044 1742 delendita.
1059 1680 1132 1742 698.
1156 1682 1194 1742 V

90 1777 364 1859 AsconiiArgum.
379 1780 559 1846 Scaurianae
570 1781 637 1843 Cic.
631 1803 683 1866 ..p
676 1782 798 1844 ..tom
814 1781 916 1844 Orell.

137 1880 188 1940 18.
213 1877 279 1940 Cic.
297 1881 385 1942 Brut.
405 1882 456 1952 96,
476 1880 558 1944 3282
572 1883 649 1943 Tum
665 1883 791 1954 Brutus,
805 1883 869 1962 Ego
884 1901 970 1956 vero,
989 1880 1100 1961 inquit,
1117 1882 1197 1942 llor-

90 1980 223 2042 tensinm
237 2000 383 2060 magnum
404 1993 560 2044 oratorem
583 2001 704 2064 semper
724 1984 833 2064 putavi
853 1981 1044 2062 maximeque
1064 1981 1197 2063 probavi

84 2099 144 2164 pro
159 2078 307 2138 Messalla
329 2079 496 2152 dicentem,
518 2099 611 2162 quum
633 2092 666 2140 tu
688 2079 804 2141 aluisti.
833 2079 884 2141 Sic
906 2079 1058 2154 lerunt,
1050 2099 1194 2160 inquam,

88 2178 180 2258 idque
204 2175 344 2238 declarat
367 2176 512 2250 totidem,
541 2191 616 2260 quot
638 2174 734 2250 dixit,
761 2191 795 2238 nt
820 2175 926 2257 ajunt,
954 2180 1069 2256 scripta
1094 2176 1198 2238 verbis

88 2280 202 2337 oratio.

122 2476 171 2526 pro
182 2453 315 2522 Messala]
327 2475 351 2507 a.
362 2457 394 2506 U.
407 2455 457 2506 703
474 2455 511 2504 Μ.
523 2449 647 2504 Valerius
657 2451 778 2514 Messala,
794 2453 892 2504 sororis
906 2452 1042 2506 Hortensii
1056 2452 1138 2515 lilius,
1149 2455 1197 2522 qrti

158 2537 254 2588 consul
269 2537 356 2590 lucrm
369 2553 394 2588 a.
406 2537 437 2586 U.
449 2536 501 2587 '100
511 2545 538 2586 el
550 2535 657 2606 saepius,
669 2533 785 2586 ambitus
798 2547 938 2587 accusatus
950 2535 1093 2587 Hortensio
1107 2535 1197 2588 defen·

160 2617 240 2669 dente
253 2629 351 2688 praetor·
364 2616 481 2668 omniurn
495 2616 718 2688 exspectationem
732 2615 872 2668 absolutus
885 2627 937 2668 est.
954 2616 1057 2671 Coelins
1073 2616 1105 2667 au
1118 2618 1197 2669 Cicu-

161 2717 253 2757 mnutn
263 2699 292 2752 in
301 2699 388 2770 Epist.
401 2698 574 2763 adfirmant,
586 2702 612 2752 2.

132 2881 276 2964 Valerius
290 2884 373 2960 Max.
383 2882 421 2957 V,
437 2885 467 2957 9,
481 2881 520 2944 2:
537 2881 579 2964 Q.
595 2879 764 2966 Hortensii,
780 2876 833 2960 qui
852 2877 914 2942 suis
934 2879 1125 2962 temporibus
1144 2899 1196 2942 or·

88 2993 268 3042 numentum
280 2982 428 3042 Romauae
440 2979 623 3059 eloquentiae
633 2977 702 3055 luit,
715 2976 909 3062 aflmirabilis
924 2976 957 3039 in
969 2976 1033 3040 lilio
1044 2975 1199 3061 patientia

88 3078 221 3144 exsutit.
238 3079 316 3142 Cum
327 3075 563 3159 enimeousque
573 3077 765 3159 impietatem
775 3076 845 3160 ejus
855 3090 1028 3160 suspectam
1045 3091 1077 3140 et
1090 3081 1197 3160 nequi·

90 3179 166 3244 tiam
181 3181 314 3244 invisam
323 3180 465 3255 baberet,
479 3193 514 3242 ut
528 3180 712 3252 Messallam,
726 3180 843 3242 sororis
857 3199 918 3245 suae
929 3177 1039 3254 lilium,
1052 3181 1198 3252 heredem

53 3274 56 3280 ’
89 3278 269 3352 habiturus,
290 3276 425 3340 ambitus
439 3297 527 3340 reum
540 3274 706 3337 defendens
717 3271 876 3355 jndicibus
890 3275 1027 3354 diceret,
1051 3276 1088 3335 st·
1109 3277 1197 3350 illum

87 3380 296 3455 damnassent,
313 3377 389 3438 uilul
399 3377 459 3438 sibi
468 3391 586 3457 praeter
597 3377 734 3437 osculum
748 3391 906 3455 nepotum,
916 3380 948 3436 in
961 3377 1067 3461 quibus
1078 3380 1197 3461 acquie-

86 3491 199 3550 sceret,
212 3481 453 3559 superfilturum.
474 3475 541 3538 llas·
556 3474 678 3538 scilicet
690 3475 859 3550 sententia,
891 3496 984 3560 quam
998 3478 1092 3534 etiam
1106 3475 1196 3536 editae

86 3580 222 3638 orationi
241 3580 381 3650 inseruit,
396 3574 494 3638 lilium
509 3573 611 3656 potins
624 3573 659 3634 in
674 3574 839 3636 tormentis
859 3570 957 3638 animi
975 3593 1069 3654 quam
1089 3573 1123 3636 iu
1141 3593 1195 3636 vo·

87 3669 259 3754 luptatibus
271 3691 435 3754 reponens,
444 3685 550 3734 tamen
565 3691 605 3734 ne
620 3683 739 3734 nature
750 3672 892 3737 ordinem
905 3670 1121 3746 confunderet,
1132 3692 1197 3736 non
1225 3679 1292 3751 172

91 3781 233 3852 nepotes,
242 3769 297 3830 setl
307 3766 405 3830 lilium
417 3768 564 3830 heredem
576 3762 714 3844 reliquit.

135 3870 184 3931 19.
207 3867 276 3932 Cic.
296 3868 384 3929 Brut.
405 3886 433 3928 c.
454 3865 507 3939 94,
527 3865 610 3928 3242
633 3861 820 3932 Hortensius
835 3876 946 3946 quarto
960 3863 1198 3946 etsexagesimo

86 3984 170 4030 anno
184 3964 349 4049 perpaucis
363 3976 437 4024 ante
451 3977 582 4026 mortem
599 3958 708 4024 diebus
723 3984 785 4027 una
799 3975 914 4038 tecum,
928 3963 1036 4035 Brute,
1052 3983 1194 4026 socerum

86 4078 173 4128 tuum
192 4068 325 4144 decada
343 4067 491 4144 Appium.
504 4099 545 4108 —
567 4063 605 4128 C.
629 4062 686 4136 ot,
708 4065 788 4128 230:
813 4065 995 4130 Hortensius
1011 4085 1071 4144 pro
1089 4065 1193 4144 Appio

93 4168 219 4228 Claudio
233 4168 313 4228 dtatt
326 4168 419 4251 paulo
435 4180 508 4232 ante
522 4153 665 4230 mortem.
