<?xml version="1.0" encoding="UTF-8"?>
<!DOCTYPE html PUBLIC "-//W3C//DTD XHTML 1.0 Transitional//EN"
    "http://www.w3.org/TR/xhtml1/DTD/xhtml1-transitional.dtd">
<html xmlns="http://www.w3.org/1999/xhtml" xml:lang="en" lang="en">
 <head>
  <title>
</title>
<meta http-equiv="Content-Type" content="text/html;charset=utf-8" />
  <meta name='ocr-system' content='tesseract 3.04.00' />
  <meta name='ocr-capabilities' content='ocr_page ocr_carea ocr_par ocr_line ocrx_word'/>
</head>
<body>
  <div class='ocr_page' id='page_1' title='image "./oratorumromanor00meyegoog_0146.png"; bbox 0 0 2904 4840; ppageno 0'>
   <div class='ocr_carea' id='block_1_1' title="bbox 763 291 830 364">
    <p class='ocr_par' dir='ltr' id='par_1_1' title="bbox 763 291 830 364">
     <span class='ocr_line' id='line_1_1' title="bbox 763 291 830 364; baseline 0.119 -7"><span class='ocrx_word' id='word_1_1' title='bbox 763 291 830 364; x_wconf 89' lang='grc'><strong>120</strong></span> 
     </span>
    </p>
   </div>
   <div class='ocr_carea' id='block_1_2' title="bbox 255 421 1351 713">
    <p class='ocr_par' dir='ltr' id='par_1_2' title="bbox 255 421 1351 713">
     <span class='ocr_line' id='line_1_2' title="bbox 255 421 1350 511; baseline 0.003 -25"><span class='ocrx_word' id='word_1_2' title='bbox 255 421 427 487; x_wconf 82' lang='lat' dir='ltr'><strong>Catoniana</strong></span> <span class='ocrx_word' id='word_1_3' title='bbox 441 424 624 500; x_wconf 84' lang='lat' dir='ltr'><strong>existimem,</strong></span> <span class='ocrx_word' id='word_1_4' title='bbox 638 424 713 488; x_wconf 83' lang='lat' dir='ltr'><strong>iacit</strong></span> <span class='ocrx_word' id='word_1_5' title='bbox 722 427 884 511; x_wconf 77' lang='lat' dir='ltr'>multiplex</span> <span class='ocrx_word' id='word_1_6' title='bbox 894 427 948 490; x_wconf 90' lang='lat' dir='ltr'><strong>illa</strong></span> <span class='ocrx_word' id='word_1_7' title='bbox 962 438 994 489; x_wconf 86' lang='lat' dir='ltr'><strong>et</strong></span> <span class='ocrx_word' id='word_1_8' title='bbox 1008 449 1076 492; x_wconf 90' lang='lat' dir='ltr'><strong>cum</strong></span> <span class='ocrx_word' id='word_1_9' title='bbox 1091 423 1243 507; x_wconf 77' lang='lat' dir='ltr'><strong>dignitate</strong></span> <span class='ocrx_word' id='word_1_10' title='bbox 1259 428 1350 489; x_wconf 86' lang='lat' dir='ltr'><strong>vehe-</strong></span> 
     </span>
     <span class='ocr_line' id='line_1_3' title="bbox 256 525 1351 612; baseline 0.005 -28"><span class='ocrx_word' id='word_1_11' title='bbox 256 543 342 586; x_wconf 83' lang='lat' dir='ltr'>mens</span> <span class='ocrx_word' id='word_1_12' title='bbox 364 525 531 588; x_wconf 80' lang='lat' dir='ltr'><strong>verborum</strong></span> <span class='ocrx_word' id='word_1_13' title='bbox 555 545 720 607; x_wconf 78' lang='lat' dir='ltr'>rerumque</span> <span class='ocrx_word' id='word_1_14' title='bbox 752 529 790 590; x_wconf 85' lang='lat' dir='ltr'><strong>ad</strong></span> <span class='ocrx_word' id='word_1_15' title='bbox 816 547 909 590; x_wconf 88' lang='lat' dir='ltr'><strong>unam</strong></span> <span class='ocrx_word' id='word_1_16' title='bbox 937 527 1094 591; x_wconf 91' lang='lat' dir='ltr'><strong>notionem</strong></span> <span class='ocrx_word' id='word_1_17' title='bbox 1118 529 1351 612; x_wconf 83' lang='lat' dir='ltr'>exprimendam</span> 
     </span>
     <span class='ocr_line' id='line_1_4' title="bbox 255 623 507 713; baseline 0.008 -29"><span class='ocrx_word' id='word_1_18' title='bbox 255 623 507 713; x_wconf 74' lang='lat' dir='ltr'><strong>exaggeratius]</strong></span> 
     </span>
    </p>
   </div>
   <div class='ocr_carea' id='block_1_3' title="bbox 401 821 1202 894">
    <p class='ocr_par' dir='ltr' id='par_1_3' title="bbox 401 821 1202 894">
     <span class='ocr_line' id='line_1_5' title="bbox 401 821 1202 894; baseline -0.004 -12"><span class='ocrx_word' id='word_1_19' title='bbox 401 821 432 882; x_wconf 74' lang='lat'><strong>2·</strong></span> <span class='ocrx_word' id='word_1_20' title='bbox 457 838 568 884; x_wconf 75' lang='lat' dir='ltr'><strong>onusto</strong></span> <span class='ocrx_word' id='word_1_21' title='bbox 584 839 670 892; x_wconf 67' lang='lat' dir='ltr'><strong>QUAM</strong></span> <span class='ocrx_word' id='word_1_22' title='bbox 687 837 773 881; x_wconf 80' lang='lat' dir='ltr'><strong>mm</strong></span> <span class='ocrx_word' id='word_1_23' title='bbox 787 839 950 881; x_wconf 71' lang='lat' dir='ltr'><strong>tustanum</strong></span> <span class='ocrx_word' id='word_1_24' title='bbox 965 841 1046 882; x_wconf 72' lang='lat' dir='ltr'><strong>teon</strong></span> <span class='ocrx_word' id='word_1_25' title='bbox 1065 840 1202 894; x_wconf 73' lang='lat' dir='ltr'><strong>eodinus.</strong></span> 
     </span>
    </p>
   </div>
   <div class='ocr_carea' id='block_1_4' title="bbox 180 1009 1351 2976">
    <p class='ocr_par' dir='ltr' id='par_1_4' title="bbox 236 1009 1351 2776">
     <span class='ocr_line' id='line_1_6' title="bbox 302 1009 1350 1094; baseline 0.004 -22"><span class='ocrx_word' id='word_1_26' title='bbox 302 1013 408 1075; x_wconf 76' lang='lat' dir='ltr'><strong>«iiten</strong></span> <span class='ocrx_word' id='word_1_27' title='bbox 433 1009 535 1076; x_wconf 83' lang='lat' dir='ltr'><strong>oratio</strong></span> <span class='ocrx_word' id='word_1_28' title='bbox 557 1013 682 1074; x_wconf 82' lang='lat' dir='ltr'><strong>videtur</strong></span> <span class='ocrx_word' id='word_1_29' title='bbox 704 1009 813 1074; x_wconf 86' lang='lat' dir='ltr'><strong>hahita</strong></span> <span class='ocrx_word' id='word_1_30' title='bbox 837 1012 871 1074; x_wconf 91' lang='lat' dir='ltr'><strong>iu</strong></span> <span class='ocrx_word' id='word_1_31' title='bbox 896 1028 1065 1094; x_wconf 76' lang='lat' dir='ltr'><strong>quaestura,</strong></span> <span class='ocrx_word' id='word_1_32' title='bbox 1093 1033 1163 1076; x_wconf 90' lang='lat' dir='ltr'><strong>cum</strong></span> <span class='ocrx_word' id='word_1_33' title='bbox 1186 1014 1221 1076; x_wconf 92' lang='lat' dir='ltr'><strong>in</strong></span> <span class='ocrx_word' id='word_1_34' title='bbox 1243 1013 1350 1076; x_wconf 81' lang='lat' dir='ltr'><strong>Africa</strong></span> 
     </span>
     <span class='ocr_line' id='line_1_7' title="bbox 253 1107 1350 1197; baseline -0.001 -23"><span class='ocrx_word' id='word_1_35' title='bbox 253 1124 385 1194; x_wconf 83' lang='lat' dir='ltr'><strong>qutestor</strong></span> <span class='ocrx_word' id='word_1_36' title='bbox 399 1126 481 1174; x_wconf 91' lang='lat' dir='ltr'><strong>esset</strong></span> <span class='ocrx_word' id='word_1_37' title='bbox 499 1115 536 1178; x_wconf 86' lang='lat' dir='ltr'><strong>P.</strong></span> <span class='ocrx_word' id='word_1_38' title='bbox 550 1109 688 1197; x_wconf 80' lang='lat' dir='ltr'>Scipioni</span> <span class='ocrx_word' id='word_1_39' title='bbox 709 1107 828 1174; x_wconf 85' lang='lat' dir='ltr'><strong>consuli</strong></span> <span class='ocrx_word' id='word_1_40' title='bbox 852 1113 890 1174; x_wconf 87' lang='lat' dir='ltr'><strong>ad</strong></span> <span class='ocrx_word' id='word_1_41' title='bbox 910 1113 1026 1175; x_wconf 89' lang='lat' dir='ltr'><strong>bellum</strong></span> <span class='ocrx_word' id='word_1_42' title='bbox 1040 1109 1192 1174; x_wconf 88' lang='lat' dir='ltr'><strong>Punicum</strong></span> <span class='ocrx_word' id='word_1_43' title='bbox 1207 1112 1250 1172; x_wconf 93' lang='lat'><strong>11.</strong></span> <span class='ocrx_word' id='word_1_44' title='bbox 1275 1113 1350 1174; x_wconf 88' lang='lat' dir='ltr'><strong>Pro·</strong></span> 
     </span>
     <span class='ocr_line' id='line_1_8' title="bbox 251 1211 1347 1298; baseline -0.004 -22"><span class='ocrx_word' id='word_1_45' title='bbox 251 1215 331 1279; x_wconf 81' lang='lat' dir='ltr'><strong>secto</strong></span> <span class='ocrx_word' id='word_1_46' title='bbox 356 1212 396 1278; x_wconf 87' lang='lat' dir='ltr'><strong>id</strong></span> <span class='ocrx_word' id='word_1_47' title='bbox 413 1213 528 1278; x_wconf 88' lang='lat' dir='ltr'><strong>accidit</strong></span> <span class='ocrx_word' id='word_1_48' title='bbox 551 1214 606 1276; x_wconf 89' lang='lat' dir='ltr'><strong>sub</strong></span> <span class='ocrx_word' id='word_1_49' title='bbox 634 1231 751 1274; x_wconf 90' lang='lat' dir='ltr'><strong>annum</strong></span> <span class='ocrx_word' id='word_1_50' title='bbox 776 1211 836 1280; x_wconf 82' lang='lat'><strong>549</strong></span> <span class='ocrx_word' id='word_1_51' title='bbox 861 1214 1014 1279; x_wconf 85' lang='lat' dir='ltr'><strong>Tuditano</strong></span> <span class='ocrx_word' id='word_1_52' title='bbox 1040 1225 1072 1275; x_wconf 89' lang='lat' dir='ltr'><strong>et</strong></span> <span class='ocrx_word' id='word_1_53' title='bbox 1097 1213 1235 1298; x_wconf 82' lang='lat' dir='ltr'><strong>Cethego</strong></span> <span class='ocrx_word' id='word_1_54' title='bbox 1259 1211 1347 1274; x_wconf 88' lang='lat' dir='ltr'><strong>Coss.</strong></span> 
     </span>
     <span class='ocr_line' id='line_1_9' title="bbox 250 1311 1351 1392; baseline -0.006 -12"><span class='ocrx_word' id='word_1_55' title='bbox 250 1315 363 1380; x_wconf 88' lang='lat' dir='ltr'><strong>Cicero</strong></span> <span class='ocrx_word' id='word_1_56' title='bbox 383 1312 418 1375; x_wconf 92' lang='lat' dir='ltr'><strong>in</strong></span> <span class='ocrx_word' id='word_1_57' title='bbox 432 1313 550 1376; x_wconf 87' lang='lat' dir='ltr'><strong>Catone</strong></span> <span class='ocrx_word' id='word_1_58' title='bbox 570 1323 602 1372; x_wconf 87' lang='lat' dir='ltr'><strong>et</strong></span> <span class='ocrx_word' id='word_1_59' title='bbox 623 1312 736 1382; x_wconf 89' lang='lat' dir='ltr'><strong>Bruto,</strong></span> <span class='ocrx_word' id='word_1_60' title='bbox 753 1311 855 1392; x_wconf 86' lang='lat' dir='ltr'><strong>Nepos</strong></span> <span class='ocrx_word' id='word_1_61' title='bbox 869 1325 901 1371; x_wconf 91' lang='lat' dir='ltr'><strong>et</strong></span> <span class='ocrx_word' id='word_1_62' title='bbox 914 1312 1031 1373; x_wconf 89' lang='lat' dir='ltr'><strong>Livius.</strong></span> <span class='ocrx_word' id='word_1_63' title='bbox 1048 1337 1063 1366; x_wconf 77' lang='lat' dir='ltr'><strong>s</strong></span> <span class='ocrx_word' id='word_1_64' title='bbox 1086 1313 1218 1391; x_wconf 90' lang='lat' dir='ltr'><strong>Popma.</strong></span> <span class='ocrx_word' id='word_1_65' title='bbox 1235 1311 1351 1373; x_wconf 83' lang='lat' dir='ltr'><strong>Errare</strong></span> 
     </span>
     <span class='ocr_line' id='line_1_10' title="bbox 249 1406 1350 1494; baseline -0.003 -18"><span class='ocrx_word' id='word_1_66' title='bbox 249 1412 376 1476; x_wconf 80' lang='lat' dir='ltr'><strong>videtur</strong></span> <span class='ocrx_word' id='word_1_67' title='bbox 389 1417 516 1493; x_wconf 85' lang='lat' dir='ltr'><strong>Poprna,</strong></span> <span class='ocrx_word' id='word_1_68' title='bbox 533 1412 613 1491; x_wconf 89' lang='lat' dir='ltr'><strong>quod</strong></span> <span class='ocrx_word' id='word_1_69' title='bbox 624 1409 701 1472; x_wconf 91' lang='lat' dir='ltr'><strong>Cato</strong></span> <span class='ocrx_word' id='word_1_70' title='bbox 715 1421 845 1489; x_wconf 84' lang='lat' dir='ltr'><strong>quoestor</strong></span> <span class='ocrx_word' id='word_1_71' title='bbox 859 1406 893 1471; x_wconf 92' lang='lat' dir='ltr'><strong>in</strong></span> <span class='ocrx_word' id='word_1_72' title='bbox 909 1407 1018 1472; x_wconf 83' lang='lat' dir='ltr'><strong>Sicilia</strong></span> <span class='ocrx_word' id='word_1_73' title='bbox 1033 1422 1064 1470; x_wconf 92' lang='lat' dir='ltr'><strong>et</strong></span> <span class='ocrx_word' id='word_1_74' title='bbox 1076 1411 1184 1474; x_wconf 81' lang='lat' dir='ltr'><strong>Africa</strong></span> <span class='ocrx_word' id='word_1_75' title='bbox 1195 1411 1350 1494; x_wconf 86' lang='lat' dir='ltr'><strong>stipendia</strong></span> 
     </span>
     <span class='ocr_line' id='line_1_11' title="bbox 249 1506 1351 1594; baseline -0.004 -16"><span class='ocrx_word' id='word_1_76' title='bbox 249 1513 334 1590; x_wconf 83' lang='lat' dir='ltr'><strong>iecit,</strong></span> <span class='ocrx_word' id='word_1_77' title='bbox 351 1535 414 1594; x_wconf 86' lang='lat' dir='ltr'><strong>npn</strong></span> <span class='ocrx_word' id='word_1_78' title='bbox 429 1514 463 1574; x_wconf 88' lang='lat' dir='ltr'><strong>in</strong></span> <span class='ocrx_word' id='word_1_79' title='bbox 476 1510 637 1593; x_wconf 75' lang='lat' dir='ltr'><strong>Hispania.</strong></span> <span class='ocrx_word' id='word_1_80' title='bbox 654 1509 732 1572; x_wconf 84' lang='lat' dir='ltr'><strong>Vide</strong></span> <span class='ocrx_word' id='word_1_81' title='bbox 755 1506 859 1588; x_wconf 87' lang='lat' dir='ltr'><strong>Pighii</strong></span> <span class='ocrx_word' id='word_1_82' title='bbox 878 1510 993 1571; x_wconf 85' lang='lat' dir='ltr'><strong>Annal.</strong></span> <span class='ocrx_word' id='word_1_83' title='bbox 1011 1509 1075 1572; x_wconf 86' lang='lat' dir='ltr'><strong>vol.</strong></span> <span class='ocrx_word' id='word_1_84' title='bbox 1090 1512 1137 1585; x_wconf 93' lang='grc'><strong>11,</strong></span> <span class='ocrx_word' id='word_1_85' title='bbox 1157 1533 1189 1594; x_wconf 87' lang='lat' dir='ltr'><strong>p.</strong></span> <span class='ocrx_word' id='word_1_86' title='bbox 1211 1510 1283 1575; x_wconf 91' lang='grc'><strong>221.</strong></span> <span class='ocrx_word' id='word_1_87' title='bbox 1310 1516 1351 1576; x_wconf 76' lang='lat' dir='ltr'><strong>At</strong></span> 
     </span>
     <span class='ocr_line' id='line_1_12' title="bbox 249 1606 1350 1690; baseline -0.002 -12"><span class='ocrx_word' id='word_1_88' title='bbox 249 1634 321 1678; x_wconf 87' lang='lat' dir='ltr'><strong>cum</strong></span> <span class='ocrx_word' id='word_1_89' title='bbox 341 1613 450 1676; x_wconf 89' lang='lat' dir='ltr'><strong>consul</strong></span> <span class='ocrx_word' id='word_1_90' title='bbox 463 1625 534 1674; x_wconf 87' lang='lat' dir='ltr'><strong>erat</strong></span> <span class='ocrx_word' id='word_1_91' title='bbox 553 1631 634 1674; x_wconf 85' lang='lat' dir='ltr'><strong>anno</strong></span> <span class='ocrx_word' id='word_1_92' title='bbox 650 1611 724 1687; x_wconf 84' lang='grc'><strong><em>558,</em></strong></span> <span class='ocrx_word' id='word_1_93' title='bbox 746 1606 781 1671; x_wconf 93' lang='lat' dir='ltr'><strong>in</strong></span> <span class='ocrx_word' id='word_1_94' title='bbox 803 1607 931 1688; x_wconf 85' lang='lat' dir='ltr'><strong>regione</strong></span> <span class='ocrx_word' id='word_1_95' title='bbox 950 1609 1196 1684; x_wconf 87' lang='lat' dir='ltr'><strong>Celtiberorum,</strong></span> <span class='ocrx_word' id='word_1_96' title='bbox 1219 1633 1350 1690; x_wconf 87' lang='lat' dir='ltr'><strong>quorum</strong></span> 
     </span>
     <span class='ocr_line' id='line_1_13' title="bbox 248 1705 1351 1794; baseline -0.004 -20"><span class='ocrx_word' id='word_1_97' title='bbox 248 1725 341 1794; x_wconf 81' lang='lat' dir='ltr'><strong>eaput</strong></span> <span class='ocrx_word' id='word_1_98' title='bbox 355 1723 403 1774; x_wconf 89' lang='lat' dir='ltr'><strong>est</strong></span> <span class='ocrx_word' id='word_1_99' title='bbox 416 1706 600 1785; x_wconf 86' lang='lat' dir='ltr'><strong>Numantia,</strong></span> <span class='ocrx_word' id='word_1_100' title='bbox 624 1708 706 1771; x_wconf 87' lang='lat' dir='ltr'><strong>bella</strong></span> <span class='ocrx_word' id='word_1_101' title='bbox 720 1705 826 1788; x_wconf 84' lang='lat' dir='ltr'><strong>gessit.</strong></span> <span class='ocrx_word' id='word_1_102' title='bbox 848 1707 917 1770; x_wconf 76' lang='lat' dir='ltr'><strong>Lis.</strong></span> <span class='ocrx_word' id='word_1_103' title='bbox 934 1707 1078 1779; x_wconf 85' lang='lat' dir='ltr'><strong>XXXIV,</strong></span> <span class='ocrx_word' id='word_1_104' title='bbox 1102 1709 1120 1771; x_wconf 90' lang='lat'>8</span> <span class='ocrx_word' id='word_1_105' title='bbox 1133 1734 1142 1768; x_wconf 75' lang='grc' dir='ltr'><strong><em>ε</em></strong></span> <span class='ocrx_word' id='word_1_106' title='bbox 1160 1708 1208 1772; x_wconf 82' lang='lat' dir='ltr'><strong>tt.</strong></span> <span class='ocrx_word' id='word_1_107' title='bbox 1221 1706 1351 1770; x_wconf 73' lang='lat' dir='ltr'><strong>Porcius</strong></span> 
     </span>
     <span class='ocr_line' id='line_1_14' title="bbox 248 1808 1349 1897; baseline -0.004 -23"><span class='ocrx_word' id='word_1_108' title='bbox 248 1814 363 1887; x_wconf 86' lang='lat' dir='ltr'><strong>consul,</strong></span> <span class='ocrx_word' id='word_1_109' title='bbox 379 1829 540 1897; x_wconf 80' lang='lat' dir='ltr'><strong>postquam</strong></span> <span class='ocrx_word' id='word_1_110' title='bbox 554 1810 702 1891; x_wconf 81' lang='lat' dir='ltr'><strong>abrogata</strong></span> <span class='ocrx_word' id='word_1_111' title='bbox 717 1825 763 1869; x_wconf 86' lang='lat' dir='ltr'><strong>est</strong></span> <span class='ocrx_word' id='word_1_112' title='bbox 778 1810 879 1888; x_wconf 86' lang='lat' dir='ltr'><strong>Oppia</strong></span> <span class='ocrx_word' id='word_1_113' title='bbox 892 1808 958 1879; x_wconf 82' lang='lat' dir='ltr'><strong>lex,</strong></span> <span class='ocrx_word' id='word_1_114' title='bbox 973 1809 1129 1888; x_wconf 77' lang='lat' dir='ltr'><strong>extemplo</strong></span> <span class='ocrx_word' id='word_1_115' title='bbox 1142 1812 1255 1888; x_wconf 79' lang='lat' dir='ltr'><strong>viginti</strong></span> <span class='ocrx_word' id='word_1_116' title='bbox 1265 1816 1349 1895; x_wconf 87' lang='lat' dir='ltr'><strong>quin·</strong></span> 
     </span>
     <span class='ocr_line' id='line_1_15' title="bbox 246 1911 1349 2001; baseline -0.004 -25"><span class='ocrx_word' id='word_1_117' title='bbox 246 1937 305 2001; x_wconf 89' lang='lat' dir='ltr'><strong>que</strong></span> <span class='ocrx_word' id='word_1_118' title='bbox 323 1914 449 1977; x_wconf 83' lang='lat' dir='ltr'><strong>navibus</strong></span> <span class='ocrx_word' id='word_1_119' title='bbox 471 1914 588 1993; x_wconf 77' lang='lat' dir='ltr'><strong>longis,</strong></span> <span class='ocrx_word' id='word_1_120' title='bbox 612 1932 739 1995; x_wconf 87' lang='lat' dir='ltr'><strong>quarum</strong></span> <span class='ocrx_word' id='word_1_121' title='bbox 757 1914 883 1994; x_wconf 86' lang='lat' dir='ltr'><strong>quinque</strong></span> <span class='ocrx_word' id='word_1_122' title='bbox 902 1913 1053 1970; x_wconf 89' lang='lat' dir='ltr'><strong>sociarum</strong></span> <span class='ocrx_word' id='word_1_123' title='bbox 1069 1923 1173 1984; x_wconf 86' lang='lat' dir='ltr'><strong>erant,</strong></span> <span class='ocrx_word' id='word_1_124' title='bbox 1196 1911 1238 1968; x_wconf 89' lang='lat' dir='ltr'><strong>ad</strong></span> <span class='ocrx_word' id='word_1_125' title='bbox 1250 1911 1349 1973; x_wconf 80' lang='lat' dir='ltr'><strong>Lunoe</strong></span> 
     </span>
     <span class='ocr_line' id='line_1_16' title="bbox 244 2002 1351 2092; baseline -0.005 -20"><span class='ocrx_word' id='word_1_126' title='bbox 244 2027 368 2092; x_wconf 87' lang='lat' dir='ltr'><strong>portum</strong></span> <span class='ocrx_word' id='word_1_127' title='bbox 379 2012 545 2091; x_wconf 83' lang='lat' dir='ltr'><strong>profectus,</strong></span> <span class='ocrx_word' id='word_1_128' title='bbox 569 2010 678 2070; x_wconf 85' lang='lat' dir='ltr'><strong>eodem</strong></span> <span class='ocrx_word' id='word_1_129' title='bbox 691 2011 831 2068; x_wconf 77' lang='lat' dir='ltr'><strong>exercitu</strong></span> <span class='ocrx_word' id='word_1_130' title='bbox 845 2012 1006 2068; x_wconf 79' lang='lat' dir='ltr'><strong>convenire</strong></span> <span class='ocrx_word' id='word_1_131' title='bbox 1018 2002 1108 2088; x_wconf 88' lang='lat' dir='ltr'><strong>jusso</strong></span> <span class='ocrx_word' id='word_1_132' title='bbox 1128 2021 1158 2066; x_wconf 91' lang='lat' dir='ltr'><strong>et</strong></span> <span class='ocrx_word' id='word_1_133' title='bbox 1175 2009 1274 2071; x_wconf 88' lang='lat' dir='ltr'><strong>edicto</strong></span> <span class='ocrx_word' id='word_1_134' title='bbox 1290 2028 1351 2086; x_wconf 83' lang='lat' dir='ltr'><strong>pet</strong></span> 
     </span>
     <span class='ocr_line' id='line_1_17' title="bbox 245 2102 1349 2184; baseline -0.005 -14"><span class='ocrx_word' id='word_1_135' title='bbox 245 2129 335 2170; x_wconf 88' lang='lat' dir='ltr'><strong>oram</strong></span> <span class='ocrx_word' id='word_1_136' title='bbox 350 2112 539 2168; x_wconf 84' lang='lat' dir='ltr'><strong>ntaritimam</strong></span> <span class='ocrx_word' id='word_1_137' title='bbox 555 2110 648 2166; x_wconf 88' lang='lat' dir='ltr'><strong>misso</strong></span> <span class='ocrx_word' id='word_1_138' title='bbox 662 2102 786 2166; x_wconf 81' lang='lat' dir='ltr'><strong>navibus</strong></span> <span class='ocrx_word' id='word_1_139' title='bbox 799 2109 898 2165; x_wconf 87' lang='lat' dir='ltr'><strong>omnis</strong></span> <span class='ocrx_word' id='word_1_140' title='bbox 908 2109 1030 2184; x_wconf 80' lang='lat' dir='ltr'><strong>generis</strong></span> <span class='ocrx_word' id='word_1_141' title='bbox 1041 2109 1202 2165; x_wconf 86' lang='lat' dir='ltr'><strong>contractis</strong></span> <span class='ocrx_word' id='word_1_142' title='bbox 1214 2104 1254 2164; x_wconf 90' lang='lat' dir='ltr'><strong>ab</strong></span> <span class='ocrx_word' id='word_1_143' title='bbox 1262 2105 1349 2165; x_wconf 89' lang='lat' dir='ltr'><strong>Luna</strong></span> 
     </span>
     <span class='ocr_line' id='line_1_18' title="bbox 243 2199 1348 2286; baseline -0.004 -20"><span class='ocrx_word' id='word_1_144' title='bbox 243 2207 442 2286; x_wconf 81' lang='lat' dir='ltr'><strong>proficiscens</strong></span> <span class='ocrx_word' id='word_1_145' title='bbox 456 2205 570 2272; x_wconf 72' lang='lat' dir='ltr'><strong>edicit,</strong></span> <span class='ocrx_word' id='word_1_146' title='bbox 592 2217 622 2260; x_wconf 87' lang='lat' dir='ltr'><strong>ut</strong></span> <span class='ocrx_word' id='word_1_147' title='bbox 640 2202 684 2260; x_wconf 85' lang='lat' dir='ltr'><strong>ad</strong></span> <span class='ocrx_word' id='word_1_148' title='bbox 694 2199 822 2260; x_wconf 89' lang='lat' dir='ltr'><strong>Portum</strong></span> <span class='ocrx_word' id='word_1_149' title='bbox 838 2201 984 2282; x_wconf 73' lang='lat' dir='ltr'><strong>Pyrenaei</strong></span> <span class='ocrx_word' id='word_1_150' title='bbox 995 2216 1209 2284; x_wconf 76' lang='lat' dir='ltr'><strong>sequerentur:</strong></span> <span class='ocrx_word' id='word_1_151' title='bbox 1231 2203 1302 2260; x_wconf 86' lang='lat' dir='ltr'><strong>inde</strong></span> <span class='ocrx_word' id='word_1_152' title='bbox 1316 2222 1348 2262; x_wconf 85' lang='lat' dir='ltr'><strong>se</strong></span> 
     </span>
     <span class='ocr_line' id='line_1_19' title="bbox 236 2299 1349 2389; baseline 0 -25"><span class='ocrx_word' id='word_1_153' title='bbox 236 2307 397 2389; x_wconf 82' lang='lat' dir='ltr'><strong>frequenti</strong></span> <span class='ocrx_word' id='word_1_154' title='bbox 409 2304 508 2364; x_wconf 87' lang='lat' dir='ltr'><strong>alasse</strong></span> <span class='ocrx_word' id='word_1_155' title='bbox 521 2303 564 2361; x_wconf 88' lang='lat' dir='ltr'><strong>ad</strong></span> <span class='ocrx_word' id='word_1_156' title='bbox 575 2300 674 2361; x_wconf 83' lang='lat' dir='ltr'><strong>hostes</strong></span> <span class='ocrx_word' id='word_1_157' title='bbox 689 2304 812 2362; x_wconf 87' lang='lat' dir='ltr'><strong>iturum.</strong></span> <span class='ocrx_word' id='word_1_158' title='bbox 829 2299 1030 2361; x_wconf 77' lang='lat' dir='ltr'><strong>Proeterrecti</strong></span> <span class='ocrx_word' id='word_1_159' title='bbox 1042 2299 1217 2381; x_wconf 81' lang='lat' dir='ltr'><strong>Ligustinos</strong></span> <span class='ocrx_word' id='word_1_160' title='bbox 1231 2315 1349 2364; x_wconf 88' lang='lat' dir='ltr'><strong>montes</strong></span> 
     </span>
     <span class='ocr_line' id='line_1_20' title="bbox 245 2398 1348 2486; baseline -0.004 -24"><span class='ocrx_word' id='word_1_161' title='bbox 245 2402 405 2486; x_wconf 87' lang='lat' dir='ltr'><strong>sinumque</strong></span> <span class='ocrx_word' id='word_1_162' title='bbox 420 2398 572 2460; x_wconf 85' lang='lat' dir='ltr'><strong>Gallicum</strong></span> <span class='ocrx_word' id='word_1_163' title='bbox 593 2399 635 2456; x_wconf 84' lang='lat' dir='ltr'><strong>ad</strong></span> <span class='ocrx_word' id='word_1_164' title='bbox 652 2399 749 2474; x_wconf 89' lang='lat' dir='ltr'><strong>diem,</strong></span> <span class='ocrx_word' id='word_1_165' title='bbox 772 2417 863 2481; x_wconf 90' lang='lat' dir='ltr'><strong>quam</strong></span> <span class='ocrx_word' id='word_1_166' title='bbox 884 2398 1036 2467; x_wconf 71' lang='lat' dir='ltr'><strong>edisserat,</strong></span> <span class='ocrx_word' id='word_1_167' title='bbox 1059 2412 1267 2460; x_wconf 76' lang='lat' dir='ltr'><strong>convenerant.</strong></span> <span class='ocrx_word' id='word_1_168' title='bbox 1294 2398 1348 2458; x_wconf 88' lang='lat' dir='ltr'><strong>Ab</strong></span> 
     </span>
     <span class='ocr_line' id='line_1_21' title="bbox 246 2489 1347 2573; baseline -0.003 -14"><span class='ocrx_word' id='word_1_169' title='bbox 246 2497 353 2560; x_wconf 80' lang='lat' dir='ltr'><strong>Rhoda</strong></span> <span class='ocrx_word' id='word_1_170' title='bbox 375 2499 505 2558; x_wconf 88' lang='lat' dir='ltr'><strong>secundo</strong></span> <span class='ocrx_word' id='word_1_171' title='bbox 526 2509 616 2555; x_wconf 86' lang='lat' dir='ltr'><strong>vento</strong></span> <span class='ocrx_word' id='word_1_172' title='bbox 630 2489 798 2573; x_wconf 79' lang='lat' dir='ltr'><strong>Emporias</strong></span> <span class='ocrx_word' id='word_1_173' title='bbox 815 2497 1003 2571; x_wconf 79' lang='lat' dir='ltr'><strong>perrentdm.</strong></span> <span class='ocrx_word' id='word_1_174' title='bbox 1029 2496 1173 2558; x_wconf 85' lang='lat' dir='ltr'><strong>Fortasse</strong></span> <span class='ocrx_word' id='word_1_175' title='bbox 1192 2514 1267 2573; x_wconf 88' lang='lat' dir='ltr'><strong>ergo</strong></span> <span class='ocrx_word' id='word_1_176' title='bbox 1286 2494 1347 2556; x_wconf 90' lang='lat' dir='ltr'><strong>hoc</strong></span> 
     </span>
     <span class='ocr_line' id='line_1_22' title="bbox 245 2592 1344 2678; baseline 0 -18"><span class='ocrx_word' id='word_1_177' title='bbox 245 2619 327 2662; x_wconf 85' lang='lat' dir='ltr'><strong>anno</strong></span> <span class='ocrx_word' id='word_1_178' title='bbox 349 2599 524 2662; x_wconf 86' lang='lat' dir='ltr'><strong>Numantite</strong></span> <span class='ocrx_word' id='word_1_179' title='bbox 546 2597 700 2678; x_wconf 89' lang='lat' dir='ltr'><strong>equitibus</strong></span> <span class='ocrx_word' id='word_1_180' title='bbox 721 2597 899 2658; x_wconf 84' lang='lat' dir='ltr'><strong>convocatis</strong></span> <span class='ocrx_word' id='word_1_181' title='bbox 921 2597 1095 2658; x_wconf 89' lang='lat' dir='ltr'><strong>orationem</strong></span> <span class='ocrx_word' id='word_1_182' title='bbox 1118 2592 1228 2659; x_wconf 87' lang='lat' dir='ltr'><strong>habuit</strong></span> <span class='ocrx_word' id='word_1_183' title='bbox 1250 2595 1344 2671; x_wconf 89' lang='lat' dir='ltr'><strong>Cato,</strong></span> 
     </span>
     <span class='ocr_line' id='line_1_23' title="bbox 245 2691 1345 2776; baseline -0.002 -20"><span class='ocrx_word' id='word_1_184' title='bbox 245 2696 366 2776; x_wconf 88' lang='lat' dir='ltr'><strong>qualem</strong></span> <span class='ocrx_word' id='word_1_185' title='bbox 379 2696 409 2757; x_wconf 91' lang='lat' dir='ltr'><strong>ei</strong></span> <span class='ocrx_word' id='word_1_186' title='bbox 420 2695 525 2758; x_wconf 86' lang='lat' dir='ltr'><strong>Livius</strong></span> <span class='ocrx_word' id='word_1_187' title='bbox 539 2695 651 2756; x_wconf 86' lang='lat' dir='ltr'><strong>tribuit</strong></span> <span class='ocrx_word' id='word_1_188' title='bbox 666 2691 709 2754; x_wconf 86' lang='lat' dir='ltr'><strong>ib.</strong></span> <span class='ocrx_word' id='word_1_189' title='bbox 725 2715 754 2755; x_wconf 91' lang='lat' dir='ltr'><strong>e.</strong></span> <span class='ocrx_word' id='word_1_190' title='bbox 767 2692 824 2754; x_wconf 80' lang='lat'><strong>13:</strong></span> <span class='ocrx_word' id='word_1_191' title='bbox 841 2693 901 2752; x_wconf 89' lang='lat' dir='ltr'><strong>Ubi</strong></span> <span class='ocrx_word' id='word_1_192' title='bbox 914 2699 990 2755; x_wconf 86' lang='lat' dir='ltr'><strong>satis</strong></span> <span class='ocrx_word' id='word_1_193' title='bbox 1003 2696 1166 2754; x_wconf 83' lang='lat' dir='ltr'><strong>admodum</strong></span> <span class='ocrx_word' id='word_1_194' title='bbox 1180 2711 1210 2755; x_wconf 86' lang='lat' dir='ltr'><strong>et</strong></span> <span class='ocrx_word' id='word_1_195' title='bbox 1223 2715 1345 2756; x_wconf 78' lang='lat' dir='ltr'><strong>suorum</strong></span> 
     </span>
    </p>

    <p class='ocr_par' dir='ltr' id='par_1_5' title="bbox 180 2793 1346 2976">
     <span class='ocr_line' id='line_1_24' title="bbox 180 2793 1346 2880; baseline 0.002 -27"><span class='ocrx_word' id='word_1_196' title='bbox 180 2793 222 2865; x_wconf 84' lang='lat'><strong>18</strong></span> <span class='ocrx_word' id='word_1_197' title='bbox 246 2809 276 2854; x_wconf 91' lang='lat' dir='ltr'><strong>et</strong></span> <span class='ocrx_word' id='word_1_198' title='bbox 290 2793 420 2854; x_wconf 84' lang='lat' dir='ltr'><strong>bostium</strong></span> <span class='ocrx_word' id='word_1_199' title='bbox 440 2797 561 2856; x_wconf 89' lang='lat' dir='ltr'><strong>animos</strong></span> <span class='ocrx_word' id='word_1_200' title='bbox 575 2807 621 2854; x_wconf 86' lang='lat' dir='ltr'><strong>est</strong></span> <span class='ocrx_word' id='word_1_201' title='bbox 633 2807 788 2872; x_wconf 80' lang='lat' dir='ltr'><strong>expertus,</strong></span> <span class='ocrx_word' id='word_1_202' title='bbox 807 2798 968 2854; x_wconf 82' lang='lat' dir='ltr'><strong>convocari</strong></span> <span class='ocrx_word' id='word_1_203' title='bbox 978 2794 1111 2854; x_wconf 85' lang='lat' dir='ltr'><strong>tribunos</strong></span> <span class='ocrx_word' id='word_1_204' title='bbox 1121 2797 1346 2880; x_wconf 67' lang='lat' dir='ltr'><strong>praefectosque</strong></span> 
     </span>
     <span class='ocr_line' id='line_1_25' title="bbox 242 2883 1346 2976; baseline 0.001 -27"><span class='ocrx_word' id='word_1_205' title='bbox 242 2905 272 2950; x_wconf 88' lang='lat' dir='ltr'><strong>et</strong></span> <span class='ocrx_word' id='word_1_206' title='bbox 285 2896 397 2976; x_wconf 87' lang='lat' dir='ltr'><strong>equites</strong></span> <span class='ocrx_word' id='word_1_207' title='bbox 408 2912 514 2954; x_wconf 86' lang='lat' dir='ltr'><strong>omnes</strong></span> <span class='ocrx_word' id='word_1_208' title='bbox 528 2903 558 2949; x_wconf 90' lang='lat' dir='ltr'><strong>et</strong></span> <span class='ocrx_word' id='word_1_209' title='bbox 571 2893 757 2950; x_wconf 84' lang='lat' dir='ltr'><strong>centuriones</strong></span> <span class='ocrx_word' id='word_1_210' title='bbox 766 2883 871 2969; x_wconf 87' lang='lat' dir='ltr'><strong>jussit.</strong></span> <span class='ocrx_word' id='word_1_211' title='bbox 890 2890 1034 2971; x_wconf 87' lang='lat' dir='ltr'><strong>Tempus,</strong></span> <span class='ocrx_word' id='word_1_212' title='bbox 1045 2890 1157 2972; x_wconf 87' lang='lat' dir='ltr'><strong>iuquit,</strong></span> <span class='ocrx_word' id='word_1_213' title='bbox 1172 2893 1253 2976; x_wconf 86' lang='lat' dir='ltr'><strong>quod</strong></span> <span class='ocrx_word' id='word_1_214' title='bbox 1262 2913 1346 2970; x_wconf 75' lang='lat' dir='ltr'><strong>saepe</strong></span> 
     </span>
    </p>
   </div>
   <div class='ocr_carea' id='block_1_5' title="bbox 242 2993 1343 3156">
    <p class='ocr_par' dir='ltr' id='par_1_6' title="bbox 242 2993 1343 3156">
     <span class='ocr_line' id='line_1_26' title="bbox 242 2993 568 3066; baseline -0.015 -17"><span class='ocrx_word' id='word_1_215' title='bbox 242 2993 382 3066; x_wconf 85' lang='lat' dir='ltr'><strong>optastis,</strong></span> <span class='ocrx_word' id='word_1_216' title='bbox 398 2993 491 3064; x_wconf 82' lang='lat' dir='ltr'><strong>venit,</strong></span> <span class='ocrx_word' id='word_1_217' title='bbox 507 2998 568 3048; x_wconf 89' lang='lat' dir='ltr'><strong>etc.</strong></span> 
     </span>
     <span class='ocr_line' id='line_1_27' title="bbox 284 3068 1343 3156; baseline 0.002 -22"><span class='ocrx_word' id='word_1_218' title='bbox 284 3075 322 3134; x_wconf 80' lang='lat' dir='ltr'><strong>A.</strong></span> <span class='ocrx_word' id='word_1_219' title='bbox 337 3072 421 3136; x_wconf 85' lang='lat' dir='ltr'><strong>Geli.</strong></span> <span class='ocrx_word' id='word_1_220' title='bbox 437 3072 522 3145; x_wconf 85' lang='lat' dir='ltr'><strong>XVI,</strong></span> <span class='ocrx_word' id='word_1_221' title='bbox 540 3071 577 3130; x_wconf 83' lang='lat'><strong>1:</strong></span> <span class='ocrx_word' id='word_1_222' title='bbox 594 3068 763 3150; x_wconf 86' lang='lat' dir='ltr'><strong>Comparat</strong></span> <span class='ocrx_word' id='word_1_223' title='bbox 785 3073 922 3156; x_wconf 80' lang='lat' dir='ltr'><strong>scriptor</strong></span> <span class='ocrx_word' id='word_1_224' title='bbox 943 3073 1060 3134; x_wconf 90' lang='lat' dir='ltr'><strong>dictum</strong></span> <span class='ocrx_word' id='word_1_225' title='bbox 1083 3071 1219 3138; x_wconf 85' lang='lat' dir='ltr'><strong>Musunii</strong></span> <span class='ocrx_word' id='word_1_226' title='bbox 1243 3074 1343 3156; x_wconf 91' lang='lat' dir='ltr'><strong>philo·</strong></span> 
     </span>
    </p>
   </div>
   <div class='ocr_carea' id='block_1_6' title="bbox 239 3165 1344 3552">
    <p class='ocr_par' dir='ltr' id='par_1_7' title="bbox 239 3165 1344 3552">
     <span class='ocr_line' id='line_1_28' title="bbox 241 3165 1343 3255; baseline 0.005 -25"><span class='ocrx_word' id='word_1_227' title='bbox 241 3165 414 3250; x_wconf 85' lang='lat' dir='ltr'><strong>saphicum</strong></span> <span class='ocrx_word' id='word_1_228' title='bbox 433 3169 558 3248; x_wconf 80' lang='lat' dir='ltr'><strong>egregia</strong></span> <span class='ocrx_word' id='word_1_229' title='bbox 581 3167 736 3230; x_wconf 87' lang='lat' dir='ltr'><strong>sententia</strong></span> <span class='ocrx_word' id='word_1_230' title='bbox 758 3167 793 3230; x_wconf 90' lang='lat' dir='ltr'><strong>in</strong></span> <span class='ocrx_word' id='word_1_231' title='bbox 815 3167 943 3232; x_wconf 89' lang='lat' dir='ltr'><strong>Catonis</strong></span> <span class='ocrx_word' id='word_1_232' title='bbox 961 3172 1102 3236; x_wconf 85' lang='lat' dir='ltr'><strong>oratione</strong></span> <span class='ocrx_word' id='word_1_233' title='bbox 1123 3169 1233 3255; x_wconf 86' lang='lat' dir='ltr'><strong>posita,</strong></span> <span class='ocrx_word' id='word_1_234' title='bbox 1251 3194 1343 3255; x_wconf 89' lang='lat' dir='ltr'><strong>quam</strong></span> 
     </span>
     <span class='ocr_line' id='line_1_29' title="bbox 240 3265 1344 3351; baseline 0.003 -20"><span class='ocrx_word' id='word_1_235' title='bbox 240 3268 320 3332; x_wconf 85' lang='lat' dir='ltr'><strong>dixit</strong></span> <span class='ocrx_word' id='word_1_236' title='bbox 340 3266 515 3333; x_wconf 84' lang='lat' dir='ltr'><strong>Numantite</strong></span> <span class='ocrx_word' id='word_1_237' title='bbox 530 3269 610 3350; x_wconf 87' lang='lat' dir='ltr'><strong>apud</strong></span> <span class='ocrx_word' id='word_1_238' title='bbox 625 3265 765 3350; x_wconf 74' lang='lat' dir='ltr'><strong>equitesz</strong></span> <span class='ocrx_word' id='word_1_239' title='bbox 786 3270 924 3351; x_wconf 83' lang='lat' dir='ltr'><strong>Cogitate</strong></span> <span class='ocrx_word' id='word_1_240' title='bbox 943 3293 1014 3331; x_wconf 89' lang='lat' dir='ltr'><strong>cum</strong></span> <span class='ocrx_word' id='word_1_241' title='bbox 1035 3278 1149 3334; x_wconf 89' lang='lat' dir='ltr'><strong>animis</strong></span> <span class='ocrx_word' id='word_1_242' title='bbox 1169 3279 1293 3350; x_wconf 81' lang='lat' dir='ltr'><strong>vostris,</strong></span> <span class='ocrx_word' id='word_1_243' title='bbox 1317 3279 1344 3334; x_wconf 89' lang='lat' dir='ltr'><strong>si</strong></span> 
     </span>
     <span class='ocr_line' id='line_1_30' title="bbox 239 3365 1341 3454; baseline 0.003 -26"><span class='ocrx_word' id='word_1_244' title='bbox 239 3369 313 3454; x_wconf 87' lang='lat' dir='ltr'><strong>quid</strong></span> <span class='ocrx_word' id='word_1_245' title='bbox 324 3389 380 3427; x_wconf 87' lang='lat' dir='ltr'><strong>vos</strong></span> <span class='ocrx_word' id='word_1_246' title='bbox 391 3387 451 3445; x_wconf 88' lang='lat' dir='ltr'><strong>per</strong></span> <span class='ocrx_word' id='word_1_247' title='bbox 463 3365 599 3425; x_wconf 88' lang='lat' dir='ltr'><strong>laborem</strong></span> <span class='ocrx_word' id='word_1_248' title='bbox 612 3381 693 3426; x_wconf 87' lang='lat' dir='ltr'><strong>recte</strong></span> <span class='ocrx_word' id='word_1_249' title='bbox 697 3369 853 3448; x_wconf 87' lang='lat' dir='ltr'><strong>feceritis,</strong></span> <span class='ocrx_word' id='word_1_250' title='bbox 870 3368 958 3428; x_wconf 86' lang='lat' dir='ltr'><strong>labor</strong></span> <span class='ocrx_word' id='word_1_251' title='bbox 969 3369 1020 3428; x_wconf 89' lang='lat' dir='ltr'><strong>ille</strong></span> <span class='ocrx_word' id='word_1_252' title='bbox 1040 3390 1061 3427; x_wconf 91' lang='grc' dir='ltr'><em>α</em></span> <span class='ocrx_word' id='word_1_253' title='bbox 1081 3369 1172 3431; x_wconf 83' lang='lat' dir='ltr'><strong>vobis</strong></span> <span class='ocrx_word' id='word_1_254' title='bbox 1186 3375 1246 3430; x_wconf 87' lang='lat' dir='ltr'><strong>cito</strong></span> <span class='ocrx_word' id='word_1_255' title='bbox 1260 3390 1341 3431; x_wconf 87' lang='lat' dir='ltr'><strong>rece·</strong></span> 
     </span>
     <span class='ocr_line' id='line_1_31' title="bbox 240 3461 1341 3552; baseline 0.005 -32"><span class='ocrx_word' id='word_1_256' title='bbox 240 3465 311 3524; x_wconf 84' lang='lat' dir='ltr'><strong>det:</strong></span> <span class='ocrx_word' id='word_1_257' title='bbox 328 3461 532 3542; x_wconf 88' lang='lat' dir='ltr'><strong>benefactum</strong></span> <span class='ocrx_word' id='word_1_258' title='bbox 545 3483 566 3520; x_wconf 89' lang='lat' dir='ltr'><strong>a</strong></span> <span class='ocrx_word' id='word_1_259' title='bbox 579 3462 679 3532; x_wconf 83' lang='lat' dir='ltr'><strong>vobis,</strong></span> <span class='ocrx_word' id='word_1_260' title='bbox 696 3463 768 3521; x_wconf 86' lang='lat' dir='ltr'><strong>dum</strong></span> <span class='ocrx_word' id='word_1_261' title='bbox 782 3466 897 3533; x_wconf 78' lang='lat' dir='ltr'><strong>vivitis,</strong></span> <span class='ocrx_word' id='word_1_262' title='bbox 913 3484 973 3523; x_wconf 87' lang='lat' dir='ltr'><strong>non</strong></span> <span class='ocrx_word' id='word_1_263' title='bbox 990 3462 1142 3524; x_wconf 85' lang='lat' dir='ltr'><strong>abscedet.</strong></span> <span class='ocrx_word' id='word_1_264' title='bbox 1165 3467 1270 3526; x_wconf 89' lang='lat' dir='ltr'><strong>Sed&#39;</strong></span> <span class='ocrx_word' id='word_1_265' title='bbox 1241 3488 1269 3527; x_wconf 84' lang='lat' dir='ltr'><strong>st</strong></span> <span class='ocrx_word' id='word_1_266' title='bbox 1283 3489 1341 3552; x_wconf 85' lang='lat' dir='ltr'><strong>qua</strong></span> 
     </span>
    </p>
   </div>
   <div class='ocr_carea' id='block_1_7' title="bbox 230 3563 1343 3741">
    <p class='ocr_par' dir='ltr' id='par_1_8' title="bbox 230 3563 1343 3741">
     <span class='ocr_line' id='line_1_32' title="bbox 236 3563 1343 3660; baseline 0.006 -38"><span class='ocrx_word' id='word_1_267' title='bbox 236 3585 296 3641; x_wconf 90' lang='lat' dir='ltr'><strong>per</strong></span> <span class='ocrx_word' id='word_1_268' title='bbox 313 3564 500 3640; x_wconf 83' lang='lat' dir='ltr'><strong>voluptatem</strong></span> <span class='ocrx_word' id='word_1_269' title='bbox 520 3567 656 3648; x_wconf 87' lang='lat' dir='ltr'><strong>nequiter</strong></span> <span class='ocrx_word' id='word_1_270' title='bbox 666 3565 826 3644; x_wconf 85' lang='lat' dir='ltr'><strong>feceritis,</strong></span> <span class='ocrx_word' id='word_1_271' title='bbox 845 3584 885 3623; x_wconf 80' lang='lat' dir='ltr'><strong>vo</strong></span> <span class='ocrx_word' id='word_1_272' title='bbox 887 3563 987 3642; x_wconf 87' lang='lat' dir='ltr'><strong>luptas</strong></span> <span class='ocrx_word' id='word_1_273' title='bbox 1000 3569 1058 3624; x_wconf 90' lang='lat' dir='ltr'><strong>cito</strong></span> <span class='ocrx_word' id='word_1_274' title='bbox 1072 3565 1191 3626; x_wconf 79' lang='lat' dir='ltr'><strong>abibit.-</strong></span> <span class='ocrx_word' id='word_1_275' title='bbox 1183 3572 1343 3660; x_wconf 87' lang='lat' dir='ltr'><strong>·nequiter</strong></span> 
     </span>
     <span class='ocr_line' id='line_1_33' title="bbox 230 3658 895 3741; baseline -0.005 -21"><span class='ocrx_word' id='word_1_276' title='bbox 230 3661 355 3741; x_wconf 71' lang='lat' dir='ltr'><strong>farctum</strong></span> <span class='ocrx_word' id='word_1_277' title='bbox 367 3659 444 3719; x_wconf 86' lang='lat' dir='ltr'><strong>illud</strong></span> <span class='ocrx_word' id='word_1_278' title='bbox 454 3661 537 3740; x_wconf 87' lang='lat' dir='ltr'><strong>apud</strong></span> <span class='ocrx_word' id='word_1_279' title='bbox 548 3682 603 3721; x_wconf 84' lang='lat' dir='ltr'><strong>vos</strong></span> <span class='ocrx_word' id='word_1_280' title='bbox 618 3681 741 3739; x_wconf 89' lang='lat' dir='ltr'><strong>semper</strong></span> <span class='ocrx_word' id='word_1_281' title='bbox 751 3658 895 3720; x_wconf 87' lang='lat' dir='ltr'><strong>manebit.</strong></span> 
     </span>
    </p>
   </div>
   <div class='ocr_carea' id='block_1_8' title="bbox 275 3793 1339 3960">
    <p class='ocr_par' dir='ltr' id='par_1_9' title="bbox 275 3793 1339 3960">
     <span class='ocr_line' id='line_1_34' title="bbox 275 3793 1339 3866; baseline 0.005 -17"><span class='ocrx_word' id='word_1_282' title='bbox 275 3797 364 3858; x_wconf 83' lang='lat' dir='ltr'><strong>Editio</strong></span> <span class='ocrx_word' id='word_1_283' title='bbox 376 3798 442 3852; x_wconf 75' lang='lat'><strong>1493</strong></span> <span class='ocrx_word' id='word_1_284' title='bbox 456 3798 555 3852; x_wconf 89' lang='lat' dir='ltr'><strong>omittit</strong></span> <span class='ocrx_word' id='word_1_285' title='bbox 565 3815 608 3850; x_wconf 87' lang='lat' dir='ltr'><strong>vos</strong></span> <span class='ocrx_word' id='word_1_286' title='bbox 621 3796 649 3849; x_wconf 88' lang='lat' dir='ltr'><strong>in</strong></span> <span class='ocrx_word' id='word_1_287' title='bbox 662 3795 719 3848; x_wconf 87' lang='lat' dir='ltr'><strong>illis</strong></span> <span class='ocrx_word' id='word_1_288' title='bbox 731 3815 754 3849; x_wconf 85' lang='lat' dir='ltr'><strong>st</strong></span> <span class='ocrx_word' id='word_1_289' title='bbox 751 3793 833 3866; x_wconf 83' lang='lat' dir='ltr'><strong>quid</strong></span> <span class='ocrx_word' id='word_1_290' title='bbox 843 3812 896 3858; x_wconf 85' lang='lat' dir='ltr'><strong>vos,</strong></span> <span class='ocrx_word' id='word_1_291' title='bbox 912 3795 1080 3852; x_wconf 71' lang='lat' dir='ltr'><strong>suavitatis.</strong></span> <span class='ocrx_word' id='word_1_292' title='bbox 1094 3799 1125 3852; x_wconf 89' lang='lat' dir='ltr'><strong>ln</strong></span> <span class='ocrx_word' id='word_1_293' title='bbox 1140 3800 1204 3855; x_wconf 89' lang='lat' dir='ltr'><strong>edit.</strong></span> <span class='ocrx_word' id='word_1_294' title='bbox 1216 3802 1339 3854; x_wconf 80' lang='lat' dir='ltr'><strong>Cot-tinne</strong></span> 
     </span>
     <span class='ocr_line' id='line_1_35' title="bbox 309 3883 581 3960; baseline -0.015 -20"><span class='ocrx_word' id='word_1_295' title='bbox 309 3885 409 3960; x_wconf 81' lang='lat' dir='ltr'><strong>legitur</strong></span> <span class='ocrx_word' id='word_1_296' title='bbox 420 3885 468 3939; x_wconf 84' lang='lat' dir='ltr'><strong>ssd</strong></span> <span class='ocrx_word' id='word_1_297' title='bbox 478 3883 504 3938; x_wconf 84' lang='lat' dir='ltr'><strong>si</strong></span> <span class='ocrx_word' id='word_1_298' title='bbox 512 3901 581 3955; x_wconf 78' lang='lat' dir='ltr'><strong>quc.</strong></span> 
     </span>
    </p>
   </div>
   <div class='ocr_carea' id='block_1_9' title="bbox 238 4006 1338 4198">
    <p class='ocr_par' dir='ltr' id='par_1_10' title="bbox 238 4006 1338 4198">
     <span class='ocr_line' id='line_1_36' title="bbox 279 4006 1338 4090; baseline -0.004 -10"><span class='ocrx_word' id='word_1_299' title='bbox 279 4020 403 4080; x_wconf 81' lang='lat' dir='ltr'><strong>Festus:</strong></span> <span class='ocrx_word' id='word_1_300' title='bbox 431 4013 620 4089; x_wconf 82' lang='lat' dir='ltr'><strong>optionatus,</strong></span> <span class='ocrx_word' id='word_1_301' title='bbox 639 4019 674 4068; x_wconf 89' lang='lat' dir='ltr'><strong>ut</strong></span> <span class='ocrx_word' id='word_1_302' title='bbox 692 4006 905 4085; x_wconf 86' lang='lat' dir='ltr'><strong>Pontificatus,</strong></span> <span class='ocrx_word' id='word_1_303' title='bbox 922 4009 1148 4075; x_wconf 87' lang='lat' dir='ltr'><strong>Decurionatus</strong></span> <span class='ocrx_word' id='word_1_304' title='bbox 1162 4012 1290 4090; x_wconf 88' lang='lat' dir='ltr'><strong>dieitur,</strong></span> <span class='ocrx_word' id='word_1_305' title='bbox 1306 4027 1338 4076; x_wconf 89' lang='lat' dir='ltr'><strong>ut</strong></span> 
     </span>
     <span class='ocr_line' id='line_1_37' title="bbox 238 4103 1336 4198; baseline -0.012 -11"><span class='ocrx_word' id='word_1_306' title='bbox 238 4124 315 4187; x_wconf 85' lang='lat' dir='ltr'><strong>Cato</strong></span> <span class='ocrx_word' id='word_1_307' title='bbox 333 4117 368 4177; x_wconf 89' lang='lat' dir='ltr'><strong>in</strong></span> <span class='ocrx_word' id='word_1_308' title='bbox 388 4131 435 4182; x_wconf 85' lang='lat' dir='ltr'><strong>aa,</strong></span> <span class='ocrx_word' id='word_1_309' title='bbox 458 4126 549 4188; x_wconf 88' lang='lat' dir='ltr'><strong>quam</strong></span> <span class='ocrx_word' id='word_1_310' title='bbox 568 4103 679 4168; x_wconf 87' lang='lat' dir='ltr'><strong>habuit</strong></span> <span class='ocrx_word' id='word_1_311' title='bbox 693 4108 773 4188; x_wconf 85' lang='lat' dir='ltr'><strong>apud</strong></span> <span class='ocrx_word' id='word_1_312' title='bbox 792 4103 930 4189; x_wconf 72' lang='lat' dir='ltr'><strong>equitem</strong></span> <span class='ocrx_word' id='word_1_313' title='bbox 945 4108 1084 4194; x_wconf 86' lang='lat' dir='ltr'><strong>Majores</strong></span> <span class='ocrx_word' id='word_1_314' title='bbox 1098 4132 1235 4194; x_wconf 68' lang='lat' dir='ltr'><strong>morsum</strong></span> <span class='ocrx_word' id='word_1_315' title='bbox 1248 4129 1336 4198; x_wconf 69' lang='lat' dir='ltr'><strong>atqu</strong></span> 
     </span>
    </p>
   </div>
   <div class='ocr_carea' id='block_1_10' title="bbox 0 0 1456 4840">
    <p class='ocr_par' dir='ltr' id='par_1_11' title="bbox 0 0 1456 4840">
     <span class='ocr_line' id='line_1_38' title="bbox 0 0 1456 4840; baseline 0 5"><span class='ocrx_word' id='word_1_316' title='bbox 0 0 1456 4840; x_wconf 95' lang='lat' dir='ltr'><strong> </strong></span> 
     </span>
    </p>
   </div>
  </div>
 </body>
</html>
