2904 4838
619 292 679 363 151

141 445 237 480 sucum
249 426 421 498 receptitium]
436 428 455 480 i.
466 445 491 480 e.
502 444 607 480 serrum
618 443 732 498 nequam
742 437 770 478 et
781 421 886 476 nullius
897 423 1049 496 pretii,'qui,
1060 441 1142 496 quun
1157 443 1199 477 rs·

171 527 236 564 num
244 521 315 562 esset
323 507 410 571 datus,
419 506 568 562 redhibitus
579 507 613 560 ob
625 505 733 578 aliquod
740 505 844 566 vidum,
855 517 1028 577 receptusque
1038 506 1082 570 sit,
1092 519 1123 560 ut
1131 507 1199 562 Ver-

170 592 228 644 rius
243 591 353 644 Flaccus
371 591 399 643 in
417 589 486 643 libro
495 593 536 642 De
548 587 660 642 obscuris
674 587 780 642 catonis
792 587 945 659 explicaret.
965 585 1017 639 Sed
1026 585 1082 658 jam
1093 589 1200 644 Gallim

170 678 249 731 aliter
262 697 350 731 vocem
364 678 554 750 interpretatus
566 690 616 731 eet.
638 675 738 730 Servus
753 674 908 748 receptitius
923 673 1054 748 significat
1065 677 1201 746 proprium

171 765 293 818 mulieris
306 785 420 828 servum,
434 784 513 836 quem
526 785 587 819 cum
599 765 713 840 mannia
724 764 826 836 reliqua
838 773 981 834 receperat,
996 779 1082 832 neque
1094 761 1201 818 dederat

170 852 235 915 doti,
246 853 294 906 sed
305 853 356 905 sibi
364 854 518 907 retinuerat.

135 935 456 1009 sectariatqucflagilarc]
464 936 497 989 de
506 935 741 998 cunnensium,
752 934 875 1004 aquibus
883 934 996 1006 pesum
1002 933 1103 988 eredita
1110 951 1201 988 severe

171 1021 327 1090 reposcitur.

142 1119 266 1180 Festus:
280 1143 294 1176 c
311 1120 512 1196 Receptiu'um
525 1136 643 1176 servum
655 1113 734 1176 Cato
751 1115 784 1176 in
803 1114 945 1178 suasione
965 1113 1042 1194 legis
1055 1115 1200 1180 voconiae

92 1229 169 1276 'cum
185 1215 240 1288 ait,
253 1212 420 1294 signifieat,
433 1212 486 1294 qui
499 1212 539 1275 ab
554 1209 665 1274 vitium
679 1207 852 1274 redhibitus
864 1208 926 1273 sit:
945 1212 1008 1272 Ubi
1023 1213 1199 1293 iratafirctu

99 1326 164 1381 est,
186 1331 304 1371 semum
328 1313 517 1388 receptitium
539 1313 653 1369 sectari
672 1323 762 1392 atque
771 1306 926 1388 flagitare
948 1313 1050 1368 virum
1064 1308 1167 1396 jubet
1182 1339 1197 1368 ι

98 1409 208 1473 Festus
217 1404 320 1469 Verrii
332 1403 435 1470 Flacci
445 1406 544 1468 verba
556 1403 693 1488 repetiit,
706 1425 772 1487 quae
784 1427 802 1468 a
813 1406 913 1470 Gellio
925 1406 1155 1490 vituperantur.

140 1507 261 1571 Gellius
273 1507 407 1570 ibidem:
425 1508 496 1588 lpse
512 1503 606 1568 etiam
617 1505 697 1569 Cato
708 1505 870 1569 maberem
885 1509 1099 1572 demonstrare
1114 1510 1199 1573 locu

98 1609 212 1691 pletem
224 1609 344 1681 volens,
360 1607 485 1678 Mulier,
497 1604 612 1688 inquit,
627 1620 657 1665 et
671 1627 817 1686 maguum
833 1609 934 1668 dotem
947 1611 1000 1670 dat
1010 1625 1041 1670 ec
1055 1629 1205 1692 maguam
1229 1609 1276 1680 48

96 1709 258 1782 pecuniam
273 1707 393 1782 recipit.

142 1804 262 1866 Nonius
275 1823 308 1885 p.
319 1801 412 1875 blm.
435 1801 640 1880 Receptitlum
660 1822 797 1863 servum:
820 1803 938 1864 «Catus
956 1803 1115 1868 Mulieres
1136 1828 1200 1866 ma·

98 1923 194 1984 gnam
218 1905 319 1962 dotem
343 1903 395 1960 dat
419 1916 449 1960 et
464 1923 611 1982 magnam
624 1904 789 1980 pecuniam
811 1907 952 1964 retiret.»
979 1901 1111 1980 Cetera,
1135 1924 1201 1986 quae

102 2014 286 2085 sequuntur,
307 2023 347 2067 ex
357 1999 462 2068 Gellio
474 2002 582 2086 petita.

141 2106 264 2172 Gellius
275 2107 348 2181 Vll,
361 2104 397 2166 13
408 2124 417 2163 2
434 2105 473 2165 ln
484 2105 527 2166 Μ.
540 2100 669 2169 Catonis
681 2103 833 2178 oratione,
848 2123 909 2184 qua
919 2105 1089 2170 Voconiam
1102 2106 1200 2186 legem

100 2199 208 2274 suasit,
222 2203 317 2282 quaeri
329 2202 418 2276 solet,
431 2199 504 2280 quid
514 2197 556 2262 sit
566 2200 725 2272 classicus,
737 2199 811 2279 quid
823 2200 908 2282 affra
918 2199 1060 2262 classem.

142 2298 298 2364 Voconius
313 2320 424 2382 nempe
438 2287 539 2378 legem
552 2300 679 2372 tulerat,
696 2297 830 2380 nequis,
848 2295 901 2380 qui
916 2319 1025 2364 census
1038 2299 1201 2364 dicebatur

101 2394 166 2460 sive
175 2398 332 2472 classicus,
344 2399 366 2459 i.
378 2417 408 2458 e.
418 2397 470 2476 qui
480 2396 514 2456 in
523 2396 636 2457 civium
648 2394 746 2476 primu
758 2396 856 2458 classe
867 2416 977 2460 censue
987 2411 1045 2471 est,
1055 2399 1201 2461 heredem

101 2498 292 2579 relinqueret
301 2496 408 2558 liliam.
425 2497 532 2580 Quare
544 2494 635 2558 facile
648 2492 782 2572 intelligi
795 2505 907 2574 potest,
920 2516 977 2558 cur
987 2517 1006 2558 a
1016 2499 1134 2562 Catone
1143 2518 1201 2582 pro

102 2612 184 2657 nova
201 2595 270 2676 lege
285 2610 395 2678 agente
411 2606 613 2677 quaereretur,
626 2592 700 2674 quid
718 2591 758 2652 sit
775 2591 921 2653 classicus
938 2595 988 2656 vel
1009 2610 1141 2676 quantus
1161 2597 1203 2658 sit

101 2690 168 2774 ejus
182 2711 301 2755 census.
316 2691 405 2757 conf.
419 2692 511 2755 Kind.
526 2711 558 2775 p.
573 2691 612 2752 25
623 2709 671 2770 sq.
693 2700 785 2768 atque
800 2691 955 2772 precipue
965 2686 1105 2753 Niebuhr
1118 2693 1200 2756 Hist.

101 2797 192 2858 Rom.
215 2797 251 2858 T.
275 2797 301 2870 l,
324 2815 355 2877 p.
375 2792 450 2857 459.
486 2785 548 2882 [De
568 2793 637 2871 lege
662 2786 812 2854 Voconia.
834 2810 866 2853 e.
886 2803 1036 2873 preterea
1054 2789 1202 2858 citatesa

101 2893 237 2956 Bolhuis.
258 2915 291 2976 p.
308 2893 369 2956 152
384 2885 448 2980 sq.]

143 2988 272 3055 Servius
292 2992 331 3051 ad
345 2987 434 3069 Virg.
455 2991 525 3052 AEn.
548 2989 572 3060 l,
592 2987 673 3050 573:
690 2983 744 3050 Ait
757 2986 835 3050 Cato
849 2986 883 3048 in
898 2986 998 3068 legem
1008 2987 1198 3054 Voconiam:

102 3089 226 3169 Agrum
234 3107 325 3172 quem
335 3085 494 3156 virbabet,
502 3085 625 3160 tollitur,
635 3085 742 3147 eodem
752 3085 920 3159 schemate,
929 3079 1202 3180 quo[Terentius]s

101 3187 291 3262 Eunuchum,
302 3207 392 3272 quem
403 3187 512 3246 dedisti
519 3184 618 3258 uobis,
631 3205 707 3270 quas
716 3184 820 3244 turbas
829 3185 930 3246 dedu!
937 3206 996 3270 pro
1005 3189 1101 3270 Ager,
1111 3211 1203 3271 quem

102 3290 152 3352 vir
163 3289 270 3366 hahet,
283 3288 419 3350 tollitur.

136 3425 164 3478 iu
178 3426 258 3496 legem
267 3425 411 3492 Voconiam]
427 3424 446 3478 i.
457 3442 482 3476 e.
499 3421 532 3476 de
545 3420 604 3492 lege
614 3419 743 3481 Voconia,
754 3431 786 3472 ut
796 3418 826 3471 iu
839 3421 1028 3483 BrutoGioem,
1039 3441 1064 3474 c.
1076 3421 1121 3486 tt,
1135 3424 1200 3476 ldie

174 3509 230 3560 Illa
241 3509 268 3562 in
280 3511 360 3582 legem
372 3505 500 3580 Coepmm's
509 3503 603 3564 matth,
612 3503 632 3556 i.
642 3521 667 3556 e.
677 3502 766 3554 Crassi
779 3503 863 3558 oratio
875 3523 924 3575 pro
936 3505 993 3577 lege
1006 3504 1125 3560 Servilia.
1137 3506 1200 3562 vid.

174 3593 260 3646 Beier.
272 3594 303 3646 ad
312 3595 368 3646 Cic.
380 3596 418 3646 De
431 3591 504 3644 offic.
514 3591 536 3650 l,
547 3591 573 3653 9,
585 3587 730 3660 aprinc.—
738 3585 812 3639 Adde
821 3607 849 3659 p.
860 3589 904 3640 86.

1250 3693 1261 3724 l

341 3759 391 3821 39.
414 3777 525 3821 orario
540 3777 579 3818 nn
595 3773 765 3817 ueceuoma
779 3775 957 3818 ursmarus.

144 3934 218 3994 Post
228 3929 345 3990 Persen
360 3925 477 3988 victum
490 3919 613 3986 senatui
626 3916 757 4004 placuit,
769 3921 981 3984 Macedoniam
991 3941 1058 3986 esse
1066 3923 1202 3987 liberan-

104 4035 187 4094 dam.
203 4031 246 4091 Ea
260 4031 299 4092 de
314 4048 350 4091 re
363 4027 438 4089 Cato
451 4025 629 4088 orationem
638 4019 717 4084 dixit
731 4042 813 4086 enno
826 4024 898 4099 586,
916 4035 950 4086 ut
961 4045 1000 4086 ex
1014 4026 1102 4089 Livio
1116 4025 1200 4088 colli·

104 4129 191 4211 gitur
199 4129 292 4200 XLV,
306 4128 343 4188 l'l
355 4137 388 4188 et
400 4125 450 4199 18,
463 4123 518 4188 ubi
529 4121 837 4189 senatusconsultum
848 4123 1062 4186 traditumest.
1079 4165 1081 4167 -
