2904 4840
794 347 839 420 88

274 489 329 550 tim
340 503 408 547 cum
422 494 576 546 auctorem
589 480 675 544 illurn
692 482 726 544 iu
745 482 834 545 annis
848 479 1046 546 numerandis
1069 482 1169 543 minus
1181 469 1359 558 diligentem

178 655 179 663 ,
273 589 308 649 10
321 585 425 650 Crassi
438 583 576 666 exemplo
590 584 833 662 cognoverimus.
857 583 909 646 Bis
923 583 1106 665 postulatum
1119 581 1279 647 Vatinium
1293 600 1357 643 cer·
1407 657 1411 664 ⁸

274 699 339 746 tum
352 694 409 758 est,
429 693 463 744 at
480 701 581 754 nemo,
603 683 706 755 credo,
733 679 773 742 ab
795 680 901 742 eodem
923 677 1018 742 Calvo
1038 679 1220 761 postulabam
1239 675 1357 740 retulit.
1428 687 1430 692 '

274 786 379 848 Prima
393 781 475 843 actio
491 777 549 841 luit
562 801 595 842 a.
609 779 692 854 695,
719 782 758 840 01
772 791 934 862 proetorem
957 778 995 842 C.
1009 777 1198 855 Memmium,
1213 777 1359 857 vigesimo

272 892 381 963 quarto
394 875 483 939 Calui
501 895 594 951 anno,
617 874 797 959 majestatis,
821 877 888 956 lege
913 872 1032 938 Licinia
1046 871 1153 958 iunia,
1178 894 1270 958 qtram
1290 893 1359 957 pro·

272 979 460 1060 mulgatioue
482 997 540 1061 per
559 974 775 1041 trinuudinum
800 998 864 1042 nou
886 977 968 1041 iacta
991 975 1134 1040 Vatinius
1167 980 1357 1057 neglexerat.

271 1083 337 1145 lloc
358 1079 510 1162 judicium
538 1080 697 1142 tribunum
727 1079 765 1143 P.
792 1070 931 1142 Clodium
955 1081 1136 1164 appellando
1163 1075 1282 1159 eiiugit,
1307 1073 1358 1160 qui

271 1183 398 1246 coborte
414 1177 516 1244 suain
530 1180 667 1243 tribunal
678 1180 812 1242 immissa
826 1195 991 1262 pretorem
1002 1177 1189 1255 deturbavit,
1204 1191 1359 1260 totumque

270 1279 430 1342 consilium
449 1267 642 1358 inspectante
665 1273 776 1356 populo
799 1278 940 1339 Romano
958 1275 1090 1357 disjecit.
1112 1281 1245 1340 Rursum
1259 1289 1359 1358 postu·

269 1380 349 1442 latus
363 1389 410 1439 est
424 1379 462 1438 10
476 1372 603 1449 ambitu,
617 1393 687 1436 cum
700 1370 890 1436 Catonemin
902 1379 1173 1457 praeturapetenda
1185 1375 1357 1459 dejecisset,

269 1494 299 1536 a.
318 1476 390 1547 699,
416 1483 448 1532 et
461 1470 602 1532 defensus
617 1489 635 1530 a
649 1469 810 1546 Cicerone,
834 1482 943 1548 rogatu
964 1471 1115 1552 Pompeii.
1131 1475 1220 1534 Hanc
1234 1493 1358 1537 accusa·

268 1570 384 1631 tionem
400 1588 418 1630 a
432 1566 527 1632 Calvo
543 1565 657 1627 iactam
671 1562 818 1629 evincunt
832 1567 930 1646 fragg.
952 1588 990 1630 ex
1004 1568 1134 1651 Quintil.
1158 1567 1216 1642 IX,
1246 1571 1278 1646 2,
1303 1572 1355 1646 25,

269 1676 300 1725 et
315 1665 345 1740 3,
364 1667 415 1739 56,
433 1664 513 1743 quod
526 1663 565 1725 ad
584 1662 666 1725 hanc
691 1681 813 1724 causam
830 1657 953 1725 videtur
975 1665 1181 1728 relereudum.
1206 1667 1236 1728 ls
1256 1681 1359 1729 autem

268 1781 368 1826 nunus
378 1760 466 1824 Calvi
481 1775 606 1824 octavas
620 1771 652 1822 et
664 1757 827 1823 vicesimus
847 1773 926 1837 erat,
945 1781 1003 1825 nec
1023 1759 1049 1824 is
1062 1762 1157 1840 igitur
1172 1763 1248 1824 adeo
1260 1764 1359 1828 01010-

267 1882 368 1939 mens,
385 1875 419 1922 ut
433 1863 491 1924 boc
502 1881 560 1942 pro
574 1860 714 1943 exemplo
728 1874 855 1922 maturae
867 1857 901 1925 iu
916 1859 982 1924 loro
992 1863 1122 1925 00110010
1136 1862 1182 1924 uti
1196 1865 1353 1945 possimus

267 1961 339 2022 Haec
355 1957 466 2022 collata
488 1971 637 2031 nostram,
654 1958 766 2033 credo,
788 1956 915 2020 firmant
933 1955 1136 2034 senteutiam,
1157 1959 1206 2021 bis
1228 1959 1357 2024 aCalvc

268 2054 424 2118 Vatinium
436 2067 621 2126 accusatum,
639 2055 677 2116 10
693 2052 864 2134 majestate,
877 2068 908 2118 et
917 2056 955 2118 10
963 2053 1091 2117 ambitu.
1106 2058 1249 2120 8000010
1262 2057 1357 2138 igitur

266 2151 301 2214 in
313 2151 471 2216 Vatinium
492 2153 604 2226 oratio,
620 2149 783 2234 praecipuis
800 2165 940 2214 veterum
954 2152 1094 2214 laudibus
1107 2152 1275 2232 celebrata,
1294 2174 1356 2216 nou

205 2274 209 2296 ι
265 2248 299 2310 10
311 2241 546 2330 eodemjudicio
563 2245 681 2320 habita,
700 2268 759 2312 nec
774 2249 918 2330 ampliato
933 2267 988 2310 reo
1001 2251 1051 2313 vel
1067 2271 1158 2312 causa
1170 2270 1233 2312 non
1251 2252 1356 2316 codem

265 2344 315 2406 110
339 2357 506 2428 perorata,
525 2344 577 2404 001
598 2344 637 2404 01
653 2343 782 2406 ambitus
803 2342 953 2427 judicium
977 2347 1139 2428 pertinuit,
1167 2366 1236 2408 cum
1255 2348 1356 2429 prima

266 2455 351 2504 esset*
368 2442 406 2503 10
429 2439 599 2521 majestate.
621 2442 697 2502 Tum
711 2461 798 2518 vero,
821 2443 872 2523 qui
896 2454 965 2506 erat
986 2443 1164 2526 reipublicae
1184 2454 1292 2518 status,
1318 2446 1356 2507 10

264 2535 385 2620 juribus
396 2535 538 2600 omnibus
556 2537 742 2620 judiciorum
756 2540 922 2602 venalitate
936 2538 1063 2602 sublatis
1078 2536 1227 2623 conqueri
1239 2537 1352 2621 potuit,

264 2653 299 2702 ut
317 2640 398 2704 lecit.
425 2641 497 2702 llaec
518 2655 620 2704 autem
642 2641 832 2723 potissimum
853 2642 984 2724 probata
1006 2640 1107 2704 oratio
1124 2655 1180 2720 est,
1208 2643 1288 2723 quod
1301 2663 1354 2706 usu

264 2741 325 2803 fori
353 2754 385 2802 et
407 2740 579 2822 frequentia
601 2741 831 2804 exercitationis
853 2762 938 2804 suam
964 2742 1125 2824 quamdam
1147 2743 1354 2806 maturitatem

264 2839 376 2919 adepta
389 2851 468 2900 erat.
490 2833 690 2922 [confirmari
703 2839 768 2899 baec
782 2840 863 2901 ratio
876 2837 1000 2901 ridetur
1012 2839 1052 2900 iis
1062 2857 1129 2919 quae
1143 2838 1288 2917 leguntur
1302 2862 1350 2924 ap.

262 2935 462 2999 Scholiastam
481 2938 557 2998 Boh.
571 2932 732 2998 Ciceronis
744 2937 778 2998 in
792 2941 870 3016 Arg.
885 2938 973 3002 Orat.
985 2956 1044 3020 pro
1058 2938 1158 3000 Sestio
1173 2959 1206 3022 p.
1224 2940 1286 3004 292
1300 2944 1350 3004 01.

262 3036 362 3100 Orell.
377 3063 386 3098 ε
404 3040 439 3100 L.
458 3035 558 3122 (tu.)
576 3035 726 3098 Licinium
738 3035 1059 3101 Calvumiuisseinter
1070 3040 1245 3105 defensores
1259 3044 1355 3107 Sestii

262 3153 343 3198 anno
365 3135 423 3199 697
444 3155 452 3196 =
474 3153 545 3196 uam
564 3154 615 3217 sp.
633 3147 714 3196 auct.
739 3131 863 3214 Dialogi
879 3135 902 3196 1.
929 3155 958 3198 0.
980 3134 1149 3204 Vatiniana
1164 3137 1251 3202 Calvi
1267 3137 1353 3223 (quae

262 3233 342 3298 loret
360 3235 397 3297 10
419 3233 592 3317 majestate)
617 3247 771 3314 tamquam
786 3231 887 3317 prima
901 3237 1038 3301 omnium
1058 3249 1254 3301 memoratur.
1276 3238 1353 3299 We·

261 3349 366 3396 stem.
385 3355 416 3418 p.
443 3330 534 3426 ata]
553 3339 672 3400 Praeter
688 3334 797 3399 barum
815 3337 989 3401 orationum
1003 3335 1182 3402 memoriam
1197 3338 1353 3404 Charisius

261 3439 290 3508 1,
301 3457 334 3520 p.
353 3438 404 3512 59,
421 3432 510 3500 Calvi
519 3438 563 3496 ad
570 3441 685 3499 amicos
693 3458 791 3521 pauca
800 3438 898 3502 verba
910 3438 1017 3513 habet,
1030 3459 1067 3501 ex
1080 3436 1225 3522 Epistolis
1238 3443 1348 3517 credo,

260 3546 295 3594 ut
303 3535 344 3593 ad
355 3553 482 3594 uxorem
497 3533 638 3595 Diomed.
648 3535 675 3611 1,
687 3555 719 3617 p.
732 3535 811 3610 3723
828 3537 865 3596 ad
881 3534 915 3594 C.
937 3535 1092 3597 Caesarem
1104 3537 1185 3601 lllar.
1193 3533 1349 3601 Victorin.

259 3653 290 3715 p.
310 3635 448 3708 2156,οι
468 3631 744 3700 incertaDiomed.
762 3638 803 3698 11.
822 3656 855 3718 p.
869 3634 942 3710 166,
959 3647 991 3697 et
1005 3636 1085 3698 lllar.
1109 3635 1264 3702 Victorin.
1279 3639 1303 3701 l.
1320 3657 1348 3701 c.

261 3731 322 3794 Sed
332 3730 467 3795 Licinius
480 3730 519 3807 is,
541 3730 628 3816 cujus
640 3732 721 3795 liber
730 3732 881 3796 secundus
891 3731 958 3793 sine
974 3730 1078 3793 addita
1091 3747 1166 3796 nota
1180 3736 1350 3797 laudatura

258 3827 356 3890 Prisc.
372 3829 425 3900 Vl,
442 3848 475 3910 p.
492 3828 564 3904 691,
580 3830 639 3892 tlt
662 3833 711 3893 01.
728 3829 868 3898 much..
886 3839 933 3889 est
945 3828 1050 3890 Macer
1068 3828 1222 3906 Licinius,
1247 3841 1282 3890 ut
1307 3831 1348 3905 Χ,

257 3949 289 4012 p.
313 3927 396 4002 185,
423 3928 531 3992 cauas
550 3936 584 3990 in
599 3931 629 4004 1,
649 3932 687 3992 10
706 3929 803 3994 Coelio
817 3928 982 4011 Antipatro
998 3925 1212 4013 accipiendum
1226 3943 1286 3993 est.
1301 3933 1347 3994 Ex

258 4029 445 4095 carminibus
470 4031 622 4114 precipue
637 4031 897 4112 Epigrammatum
920 4033 1069 4096 memoria
1089 4043 1199 4094 exstat.
1225 4034 1349 4114 Insigne

258 4145 312 4206 estv
325 4153 374 4218 ap.
394 4131 504 4198 Senec.
520 4129 667 4196 Controv.
692 4131 753 4204 lll,
779 4130 884 4207 19,10
906 4131 1063 4216 Pompeio,
1082 4132 1162 4214 quod
1174 4132 1355 4218 explicatur
