2904 4838
768 299 836 371 152

290 441 387 504 AElius
400 442 584 524 Spartianus
598 438 758 504 lladriauo
772 461 802 503 c.
817 443 834 502 5
853 460 861 500 τ
876 436 1052 502 Hadrianus
1066 434 1172 498 omnia
1185 447 1278 498 trans
1287 437 1348 498 Eu-

248 541 392 624 phratem
410 559 448 602 ac
465 539 590 620 'Tigrim
602 536 740 620 reliquit,
768 537 920 618 exemplo,
936 550 971 597 ut
986 535 1121 610 dicebat,
1145 531 1277 610 Catonis,
1300 539 1352 618 qui

248 641 436 709 Macedonas
448 641 567 701 liberos
578 643 798 720 pronuntiavit,
814 643 886 723 quia
899 643 995 699 teneri
1006 658 1066 698 non
1073 650 1224 716 poteram.

290 743 444 808 Priscian.
457 743 515 814 lll,
530 743 559 814 1.
572 763 604 824 p.
621 739 700 802 1082
715 741 794 806 Cato
807 739 846 804 de
860 736 1043 804 Macedonia
1056 737 1238 803 liberanda:
1257 739 1352 822 quue

245 845 418 920 perpetuitas
431 840 651 924 atquefirmius
666 843 773 917 repsit.

291 941 359 1000 llue
377 933 486 1000 retulit
503 939 619 1018 Popma
633 935 841 1014 fragmentum
854 931 1023 1010 incertum,
1040 935 1121 1014 quod
1135 934 1243 994 Festus
1257 931 1354 992 habet

247 1040 282 1100 iu
302 1038 473 1099 Natiuatt'o:
496 1062 510 1092 ι
535 1037 578 1096 Μ.
599 1035 677 1098 Cato
705 1033 738 1096 in
743 1080 807 1098 .....
834 1030 965 1122 [Audito
990 1031 1134 1124 tu]multu
1155 1031 1353 1092 Macedoniae

248 1134 416 1210 Etruriam,
437 1135 605 1207 Samnites,
633 1133 773 1194 Lucanos
797 1136 876 1193 inter
898 1153 931 1192 se
954 1136 1086 1191 natinari
1101 1131 1354 1216 atqucjbctc‘ones

248 1254 326 1294 esse.
343 1261 358 1292 s
373 1235 506 1296 Paulus:
522 1231 679 1292 Ναιίηατίο
694 1231 859 1292 dicebatur
873 1227 1042 1309 negotiatio
1056 1243 1088 1292 et
1102 1231 1302 1290 Natlnatores
1315 1247 1354 1290 ex

249 1351 287 1395 eo
300 1329 450 1396 seditiosi.
466 1325 571 1416 [Quod
585 1347 660 1388 sane
675 1325 869 1409 probabilius
883 1329 922 1387 ad
933 1327 1080 1405 Origines
1091 1327 1201 1388 retulit
1209 1327 1354 1410 Meyerus

248 1433 283 1493 in
293 1431 435 1505 incertis,
448 1425 503 1489 ubi
514 1421 712 1514 delevimus]
771 1512 773 1517 Α

547 1575 600 1638 40.
625 1595 734 1639 onemo
755 1594 811 1638 ruo
831 1595 1055 1644 nnuutunsrnus.

289 1734 392 1815 Quum
406 1727 602 1794 Rhodienses
613 1727 764 1794 Romanis
777 1731 812 1792 in
825 1730 908 1792 bello
922 1727 1051 1794 Persico
1071 1749 1161 1812 opem
1181 1748 1245 1791 uon
1268 1729 1354 1792 tulis·

247 1844 328 1902 sent,
343 1831 386 1892 tt.
402 1829 568 1891 durentiae
580 1829 700 1890 Thalna
720 1841 835 1910 pretor
854 1847 883 1890 a.
903 1831 944 1895 U.
960 1831 1033 1902 586,
1047 1829 1193 1910 populum
1208 1829 1355 1890 adversus

177 1933 223 2006 49
249 1949 303 1994 eos
316 1929 481 2003 incitabat,
497 1925 661 2009 rogatione
676 1929 885 2012 promulgata,
900 1941 934 1990 ut
954 1926 994 1990 iis
1016 1929 1132 1992 bellum
1145 1928 1351 2002 indiceretur,

248 2047 333 2096 etex
346 2029 580 2109 magistratibus
598 2031 665 2114 ejus
680 2033 756 2093 anni
770 2033 970 2111 deligeretur,
988 2028 1041 2113 qui
1055 2032 1094 2093 ad
1108 2030 1140 2092 id
1154 2031 1268 2093 bellum
1283 2051 1354 2094 cum

249 2130 348 2194 classe
359 2127 548 2203 mitteretur,
563 2149 596 2192 se
608 2149 678 2192 eum
692 2147 822 2210 sperans
836 2130 973 2191 futurum
981 2147 1058 2192 esse.
1075 2128 1267 2193 lulestissimi
1277 2151 1356 2214 prae·

248 2245 337 2294 terea
347 2231 476 2292 Rhodiis
490 2241 593 2301 erant,
605 2229 659 2310 qui
670 2231 811 2292 consules
822 2243 1008 2312 praetoresve
1020 2242 1073 2292 aut
1086 2231 1181 2310 legati
1192 2243 1355 2310 gesserant

249 2331 283 2394 in
308 2330 492 2394 Macedonia
515 2328 643 2390 bellum.
675 2321 799 2418 [Locos
820 2329 1042 2394 historicorum
1064 2333 1189 2411 collegit
1212 2333 1351 2396 Bolhuis.

250 2451 282 2514 p.
299 2425 369 2520 83]
392 2429 563 2492 Plurimum
575 2449 650 2492 vero
666 2449 789 2492 causam
809 2451 917 2495 eorum
930 2432 1051 2515 adjuvit
1064 2432 1109 2495 Μ.
1120 2433 1248 2496 Porcius
1261 2429 1352 2508 Cato,

253 2526 306 2612 qul
330 2548 422 2611 asper
443 2525 570 2608 ingenio
591 2539 658 2590 tunt
680 2529 783 2592 lenem
804 2528 970 2612 mitemque
990 2543 1166 2597 senatorem
1185 2531 1261 2611 egit.
1286 2531 1354 2592 Nou

251 2632 400 2698 inseram,
420 2623 508 2688 addit
525 2625 631 2688 livius
643 2623 741 2703 XLV,
761 2627 814 2701 25,
830 2629 1033 2689 simulacrum
1048 2634 1168 2709 copiosi
1181 2633 1262 2700 viri,
1284 2651 1353 2715 quac

251 2725 372 2798 dtiren't,
391 2725 571 2804 refhrendo,·
596 2729 689 2806 ipsius
709 2729 809 2784 oratio
828 2731 941 2804 sarapta
960 2741 1057 2804 extat,
1083 2727 1251 2808 On'ginum
1272 2727 1353 2787 libro

251 2830 358 2910 quinto
371 2823 500 2884 inclusa.
516 2825 628 2888 Oratio
641 2825 749 2887 habita
763 2837 809 2886 est
823 2845 906 2890 anuo
918 2829 991 2903 586,
1006 2829 1164 2910 multaque
1184 2850 1221 2892 cx
1241 2849 1279 2892 ea
1292 2829 1354 2892 sra-

253 2932 380 3001 gmeuta
402 2921 493 2982 affert
514 2919 632 2982 Gellius
653 2925 843 3003 eandemque
865 2925 1001 2988 defendit
1022 2928 1170 2989 adversus
1190 2947 1353 2990 censuram

252 3018 389 3094 tironis,
407 3021 517 3084 liberti
529 3018 705 3084 Ciceronis.
732 3015 819 3114 [Hoec
829 3024 1004 3105 fragmenta
1026 3049 1097 3091 cum
1114 3030 1230 3112 optimo
1246 3028 1354 3092 codice

252 3115 368 3184 iterum
391 3121 505 3182 collata
532 3123 578 3184 ita
598 3121 755 3197 dedimus,
782 3137 816 3186 ut
840 3125 991 3190 lectiones
1006 3130 1096 3194 editis
1119 3130 1262 3193 meliores
1287 3131 1354 3192 ubi·

253 3236 314 3302 que
337 3217 557 3300 receperimus,
579 3218 726 3283 lectorem
753 3221 791 3282 de
812 3223 996 3305 unaquaque
1025 3227 1146 3288 muneri
1163 3227 1283 3290 inutile.
1299 3229 1353 3290 du-

253 3331 371 3383 centes.
387 3317 535 3381 Ceterum
550 3320 604 3401 qui
617 3319 855 3386 celeberrimam
868 3326 951 3388 hauc
964 3327 1137 3388 emtionem
1151 3327 1249 3410 qualis
1261 3325 1355 3390 luerit

252 3417 388 3501 penitius
404 3417 583 3498 perspicere
596 3419 742 3496 voluerit,
763 3422 793 3482 ei
806 3432 905 3484 tutum
920 3426 961 3484 Α.
974 3421 1070 3486 Gellii
1083 3438 1177 3508 caput
1188 3425 1354 3506 legendum

253 3515 335 3576 eritt
352 3531 425 3574 nuru
439 3509 536 3576 multo
549 3517 641 3599 plura
660 3535 752 3600 quam
766 3515 942 3580 factumest
963 3520 1003 3580 ab
1017 3521 1137 3584 editore
1151 3523 1202 3586 hic
1216 3524 1354 3607 oportuit

253 3608 418 3701 exscribi]

296 3708 421 3774 Gellius
435 3713 508 3789 Vll,
526 3713 544 3776 3
556 3736 565 3775 ε
583 3713 682 3797 lpsius
696 3710 847 3797 principii
857 3715 956 3777 verba
969 3715 1035 3778 haec
1049 3730 1141 3780 sunt:

296 3810 367 3870 Scio
380 3811 479 3872 solere
497 3811 652 3898 plerisque
671 3811 840 3875 bominibus
850 3879 852 3886 Α
863 3818 895 3872 in
918 3813 1009 3875 rebus
1025 3820 1167 3879 secundis
1180 3820 1269 3904 utique
1283 3840 1354 3897 pro·

253 3909 332 3972 lixis
345 3925 434 3996 atque
452 3916 609 3989 prosperas
625 3915 764 3974 animum
782 3913 947 3988 excellere,
963 3929 1052 4000 moue
1072 3917 1245 3998 etperbiam
1265 3933 1354 4004 atque

252 4007 409 4079 &ruciam
419 4027 584 4085 augescere.
590 4023 679 4092 utque
687 4029 838 4071 crescere.
854 4011 946 4092 Quod
954 4013 1033 4074 mili
1041 4034 1120 4078 mmo
1132 4037 1256 4099 magne
1271 4039 1354 4080 eurus

254 4124 311 4181 est,
325 4109 407 4194 quod
419 4105 487 4168 heac
501 4122 624 4170 restam
638 4113 769 4172 scemde
779 4118 972 4190 precesserit,
987 4135 1028 4176 ne
1041 4119 1117 4200 quid
1126 4123 1158 4178 in
1172 4120 1354 4182 mausueta
