2954 4840
640 349 710 422 383

85 475 90 482 “
197 489 268 542 Maio
284 486 394 540 detectae
406 485 535 558 editusque
554 501 628 540 sunt.
647 486 828 540 adeundam
846 487 989 558 Agerium,
1006 485 1038 538 ad
1057 503 1134 556 quern
1149 487 1231 542 literae

198 575 300 644 priores
310 584 374 624 sunt
382 573 478 635 misse,
497 585 583 624 exstat
592 572 712 643 Epistola
725 575 748 634 l,
760 573 804 635 52,
818 574 846 624 iu
860 571 938 643 cujus
950 571 1083 643 principio
1101 570 1229 642 legimus:

173 703 175 710 .
201 657 350 712 Oratmoen
365 675 443 708 meam
457 655 504 708 ee'ti
516 669 571 708 esse
589 655 780 730 complacitam,
799 655 877 708 nihilo
893 655 999 726 sequius
1018 655 1136 728 gaudeo,
1154 671 1232 725 quam

197 741 333 812 quodcum
348 741 460 794 sectanda
477 740 670 794 existimatam
682 760 748 812 pan
759 740 847 793 melt'ot·
863 739 971 792 haimoni
981 743 1093 811 generis,
1114 747 1233 800 sendus,

198 826 309 881 audebit.
332 828 364 880 lu
378 826 460 880 altera
479 829 562 900 igitur
582 829 718 881 Orationis
734 841 809 900 parte
829 845 878 898 pm
894 826 1018 879 restituto
1038 838 1111 898 patre
1128 829 1233 878 senatui

195 913 292 984 gratias
316 912 379 984 agit,
405 911 433 963 in
456 913 539 964 altera
558 911 644 964 hlium
662 913 780 986 Trygeti,
801 923 831 963 ut
852 922 993 983 praeturam
1012 909 1140 972 obtineat,
1161 927 1232 960 com-

198 997 314 1050 mandat.

171 1139 373 1223 Symmachus
392 1139 540 1222 hesperio
556 1139 598 1222 (l,
626 1139 795 1222 lsszlil:
817 1137 905 1200 Unus
923 1137 1022 1200 adhue
1047 1155 1176 1218 superas
1197 1156 1235 1214 es

127 1237 330 1300 summatibus
339 1236 513 1313 literarum,
530 1240 581 1300 cui
594 1238 724 1322 probari
743 1238 918 1300 orationem
937 1254 1038 1298 meam
1048 1236 1148 1297 laudis
1163 1253 1234 1298 ava·

130 1356 185 1398 rus
198 1335 343 1418 optarim.
358 1335 419 1396 Res
430 1336 544 1398 cecidit
559 1356 598 1398 ex
611 1348 701 1410 v0t03
717 1348 789 1397 utor
804 1347 895 1411 teste,
913 1354 972 1416 quo
985 1334 1079 1398 volui.

164 1479 176 1504 *
192 1473 281 1539 volui]
300 1471 383 1525 codex
394 1473 497 1544 Regius
508 1474 635 1545 optimus.
651 1473 741 1545 Vulgo
754 1473 820 1525 ocio.

170 1599 375 1686 Symmachus
391 1599 524 1684 Syagrio
540 1599 588 1682 (Ι,
606 1602 667 1685 96)
682 1598 855 1675 estodium,
873 1602 956 1681 quod
967 1597 1141 1663 scribendis
1166 1619 1234 1660 ora·

133 1699 271 1762 tionibus
284 1697 480 1773 exhibebam,
497 1699 625 1780 praemio
641 1697 740 1761 laudis
762 1699 884 1759 auxisti.

168 1836 360 1904 *exhibebam
382 1835 448 1888 cod.
470 1835 560 1908 Vulgo
577 1834 721 1888 exhibeam.

174 1963 375 2046 Symmachus
386 1962 519 2046 Syagrio
535 1959 577 2043 (1,
595 1961 653 2025 105
665 1961 699 2042 ):
717 1963 764 2024 Ne
778 1962 909 2024 otiosum
919 1935 1043 2044 penitus
1056 1960 1234 2032 arbitreris,

133 2063 292 2124 committo
302 2060 468 2126 eruditioni
478 2071 537 2121 tuae
546 2057 725 2139 vigiliarum
736 2079 876 2124 mearum
888 2071 997 2122 testem
1009 2057 1158 2135 libellum,
1177 2081 1236 2142 quo

134 2180 238 2243 nuper
255 2160 287 2221 in
304 2171 413 2222 senatu
426 2158 534 2220 sustuli
552 2159 665 2222 civium
682 2159 817 2222 secunda
831 2157 989 2236 suffragia.

171 2295 460 2363 *Nclcodmme

174 2420 374 2502 Symmachus
394 2417 456 2479 Jul.
475 2417 603 2480 Rustico
619 2423 630 2502 (
640 2419 700 2493 lll,
715 2419 731 2479 i
748 2420 781 2503 ):
800 2418 975 2482 Arbitrium
990 2433 1021 2482 te
1041 2439 1159 2482 assumo
1176 2417 1240 2505 epiff

132 2522 282 2583 stolarum
297 2537 448 2581 mearum.
465 2513 561 2598 Cape,
577 2517 693 2598 siquid
713 2516 753 2579 ab
769 2515 928 2598 republica
943 2537 1047 2591 vacas,
1063 2517 1239 2581 oratiuncu-

134 2621 197 2681 lam
210 2631 362 2690 nostram,
380 2613 468 2697 cujus
482 2617 607 2678 edendae
621 2615 765 2678 fiduciam
779 2613 855 2676 mihi
870 2616 959 2681 lavor
971 2615 1085 2679 civium
1100 2619 1196 2680 dedit.

173 2764 186 2791 *
200 2757 281 2826 nrtht']
306 2758 371 2812 Cod.
388 2757 476 2830 Vulgo
489 2755 574 2810 deest.

178 2886 382 2970 Symmachus
397 2883 544 2949 Protadio
567 2882 636 2964 (tv,
651 2882 711 2958 29)
726 2905 733 2942 ε
751 2883 815 2961 Ego
829 2871 1000 2944 tamen'vel
1013 2884 1180 2944 tradendas
1192 2905 1242 2946 eo·
1269 2875 1338 2944 ‘265

138 3005 210 3048 ram
230 2981 289 3046 tibi
314 2985 445 3046 airatre
461 2995 570 3045 nostro
584 2981 739 3045 Minervio
766 2983 842 3044 duas
864 2981 1076 3069 oratiunculas
1093 3003 1176 3046 meas
1195 2985 1245 3045 vel

136 3079 307 3146 mittendas
326 3083 360 3142 in
378 3082 514 3162 patriam
535 3078 676 3143 fidelitati
701 3077 766 3160 ejus
779 3079 905 3160 ingessi.
924 3079 1111 3142 Commoneo
1127 3094 1241 3156 tamen,

139 3206 178 3247 ne
189 3182 341 3248 orationis
352 3182 443 3244 unius
454 3183 544 3245 titulo
555 3195 693 3245 mutetur
704 3183 743 3242 de
752 3202 803 3244 me
815 3180 1002 3244 existimatio
1016 3194 1079 3244 tua.
1097 3185 1176 3244 Nam
1195 3206 1243 3246 re·

137 3283 274 3365 podiam·
288 3299 422 3342 censura
444 3293 555 3358 grarm
578 3299 636 3342 nos
659 3279 818 3364 principio
846 3279 911 3341 sola
936 3281 1114 3358 argumenti
1141 3280 1242 3364 inspe-

139 3381 252 3443 ctione.
272 3379 334 3443 Sed
357 3376 412 3440 ubi
438 3371 524 3436 dicta
548 3375 678 3454 legeris,
709 3396 778 3439 cum
797 3377 951 3439 sententia
968 3395 1038 3439 mea
1055 3377 1089 3438 in
1109 3378 1244 3455 gratiam

136 3480 317 3542 reverteris.
336 3481 575 3561 usurpantem,
591 3497 661 3557 quus
675 3491 861 3560 tempestate
880 3477 999 3560 relecta
1012 3491 1069 3552 est,
1087 3479 1180 3541 sotim
1194 3497 1245 3541 or·

138 3574 222 3640 dinis
243 3577 344 3637 nostri
369 3574 514 3640 antetulit
528 3574 710 3648 auotoritas,
728 3597 769 3639 no
783 3577 839 3639 sab
861 3578 1001 3659 specioso
1021 3577 1148 3642 nomine
1163 3577 1246 3641 iuras

139 3673 340 3761 impudentiis
354 3678 474 3740 ambire
485 3678 583 3742 solitis
593 3678 819 3760 panderentur.
834 3679 944 3740 Plures
952 3675 1097 3742 utilitatis
1107 3691 1138 3740 et
1152 3679 1245 3742 hone·

141 3774 230 3840 statis
242 3774 432 3838 assertiones
445 3775 479 3836 in
495 3776 562 3856 ipso
577 3795 710 3864 corpore
725 3771 880 3838 orationis
896 3775 1049 3844 invenies.

178 3923 320 3992 protadio]
340 3923 395 3977 llas
408 3923 540 3978 orationes
553 3927 685 3998 accepisse
695 3946 723 3980 se
737 3940 849 3980 testatur
859 3927 997 3980 Protadius
1010 3927 1148 3998 (1V,30):
1165 3932 1245 3996 Tran-

211 4023 239 4059 ιο
250 4011 286 4060 ad
297 4023 352 4060 eain
363 4007 481 4060 sermonis
495 4007 657 4078 cuipartem,
671 4026 731 4081 quoe
744 4008 888 4062 orationum
912 4027 1023 4064 mearum
1037 4011 1191 4065 desiderium
1208 4013 1245 4066 oi-

211 4087 289 4144 detur
297 4089 435 4162 astringam.
449 4089 500 4143 At's
513 4090 539 4143 th
547 4107 639 4144 manas
652 4099 713 4146 luas
723 4089 822 4162 seriola
839 4098 928 4145 mem
941 4093 1046 4156 antire,
1056 4093 1149 4156 fratre
1160 4099 1248 4148 nostro

215 4177 342 4230 Minervio
349 4176 493 4247 proditore.
676 4171 683 4180 ’
1238 4169 1240 4172 ⁴
