2934 4846
806 295 850 367 32

283 435 369 516 genti
383 436 493 522 spiritu
504 436 650 520 juvenem
660 435 823 520 optimates
836 453 906 498 cum
919 455 977 519 per
989 435 1093 518 plures
1107 455 1210 499 annos
1228 435 1264 499 in
1278 436 1397 500 Sardi*

283 532 368 598 uiam
386 533 508 599 succedi
529 534 577 597 illi
592 555 654 598 uon
667 546 859 616 paterentur,
873 533 1036 597 Gracchus
1054 547 1165 616 spome
1182 532 1301 597 relicta
1316 556 1391 618 pro·

283 636 390 701 vincia
409 640 539 701 Romam
552 631 657 696 rediit.
676 636 776 696 Motus
795 631 827 696 iu
841 632 929 695 Urbe
949 629 1063 694 dicitur
1083 633 1196 705 lactus,
1215 646 1392 716 auctusque

282 735 330 798 ira
357 732 495 800 Gracchi
519 743 552 796 et
570 729 671 811 gratia
698 733 778 814 apud
804 728 919 793 milites
944 728 1160 794 Sardinienses
1182 729 1266 795 inita
1289 746 1392 797 metus

282 834 488 921 optimatium.
501 837 606 918 Quare
620 847 652 894 et
662 836 743 916 apud
756 853 916 897 censorem
928 836 964 895 L.
981 831 1120 895 Cassium
1137 853 1270 896 causam
1283 832 1393 898 dicere

283 937 416 1009 coactns,
431 935 484 995 sed
496 932 652 995 absolutus
664 946 728 1005 ost3
752 947 784 996 et
796 930 959 1017 optimates
968 927 1104 1012 quolibet
1115 945 1213 1012 pacto
1226 930 1393 996 hominem

283 1031 317 1094 in
341 1029 468 1094 iusidias
489 1033 563 1094 dare
587 1027 746 1112 cupientes
764 1033 952 1112 Fregellanos
965 1025 1191 1112 conjurationis
1211 1031 1342 1114 culpam
1357 1029 1392 1094 in

283 1153 353 1196 eum
367 1135 576 1196 contulerunt.
591 1132 652 1194 Sed
669 1130 809 1212 quamvis
823 1131 977 1195 acerrime
998 1132 1199 1213 questionem
1213 1145 1392 1196 exercente

282 1242 415 1315 praetore
439 1231 473 1290 L.
496 1225 641 1310 Opimio,
666 1225 719 1308 qui
742 1226 855 1290 exinde
877 1226 1108 1292 interneciuum
1134 1247 1209 1292 cum
1238 1231 1393 1296 Graccho

240 1351 244 1362 ·
283 1334 385 1396 odium
398 1324 549 1400 exercuit,
569 1323 663 1388 etiam
677 1327 736 1389 hoc
761 1325 894 1390 crimine
912 1325 1062 1390 liberatus
1076 1341 1132 1390 est.
1159 1327 1263 1409 Hujus
1282 1329 1391 1393 delen·
1436 1347 1437 1354 ¹

283 1425 379 1491 sionis
393 1446 454 1488 uon
476 1438 511 1485 ut
536 1421 682 1485 censoriae
697 1423 871 1502 fragmenta
885 1437 1007 1486 exstare
1028 1423 1197 1498 videntum
1224 1428 1285 1488 sed
1309 1429 1393 1509 apud

285 1528 412 1587 Auctor.
428 1523 468 1584 ad
482 1523 621 1583 Herenu.
639 1523 691 1594 lv,
716 1525 733 1584 9
755 1523 858 1596 etll,
874 1520 1064 1587 imitationes
1078 1519 1192 1585 referri
1207 1525 1392 1586 orationum

283 1621 317 1686 in
329 1624 388 1684 hac
398 1641 491 1683 causa
500 1621 543 1682 ad
550 1632 689 1682 senatum
701 1632 734 1682 et
746 1623 890 1705 populum
900 1621 1078 1686 habitarum
1093 1621 1282 1702 conjectura
1297 1622 1393 1688 nobis

284 1717 407 1802 quidem
431 1720 513 1781 haud
540 1718 672 1780 absurda
693 1716 827 1782 videtur.
859 1719 980 1783 Talium
999 1719 1229 1791 enimenim*
1252 1723 1391 1786 refertos

285 1842 351 1885 esse
365 1818 433 1883 illos
446 1817 544 1882 libros
553 1815 715 1900 probabile
730 1817 849 1881 ostendi
860 1811 988 1902 poterit,
1010 1819 1073 1884 imo
1092 1822 1236 1904 exempla
1246 1824 1390 1904 quaedam

285 1941 324 1983 ex
338 1913 512 1982 oratoribus
526 1912 612 1997 ipsis,
627 1914 759 1998 demptis
770 1915 957 1992 nominibus,
969 1931 1105 1981 retentu.
1181 1932 1184 1938 ’
1262 1914 1264 1918 ’

327 2017 407 2076 Nam·
422 2010 574 2076 notabiles
588 2012 773 2092 eloquentie
788 2011 952 2094 magistros
972 2035 1035 2077 uon
1057 2012 1137 2077 sicut
1147 2014 1299 2078 metricos
1312 2014 1389 2077 arti·

283 2110 358 2174 tices
372 2111 514 2192 exempla
526 2130 581 2172 sua
598 2106 660 2171 sibi
675 2107 756 2190 ipsos
765 2111 883 2190 fingere
897 2113 1045 2187 ridemus,
1062 2113 1116 2174 sed
1130 2131 1167 2174 ex
1182 2109 1272 2175 veris
1287 2111 1389 2176 causis

285 2215 454 2276 desumere.
471 2209 524 2275 Sic
545 2211 655 2276 Cicero
673 2210 706 2274 in
722 2211 857 2275 Oratore
878 2227 910 2276 et
924 2213 1004 2276 libro
1019 2215 1066 2276 De
1086 2227 1214 2276 oratore
1234 2215 1386 2290 secundm

284 2311 330 2378 ita
342 2311 565 2397 Quintilianus,
587 2312 771 2395 ubicumque
795 2334 870 2399 opus
884 2329 940 2391 est,
963 2313 1117 2398 imprimis
1135 2312 1226 2377 libris
1246 2337 1334 2380 nono
1356 2329 1387 2380 et

284 2415 447 2480 undecimo
460 2439 468 2490 3
484 2413 530 2478 ita
550 2417 677 2480 Seuecae
691 2417 826 2480 rhetoris
840 2432 937 2481 totum
956 2437 1032 2502 opus
1045 2418 1078 2480 in
1092 2414 1142 2478 his
1157 2417 1387 2500 exemplis‘col·

283 2513 416 2596 ligendis
434 2527 573 2589 coustat3
594 2528 629 2576 ut
648 2517 823 2590 rhetorem,
851 2513 904 2596 qui
918 2517 957 2578 ad
976 2511 1168 2579 Herennium
1190 2513 1339 2600 scripsit,
1368 2536 1387 2578 a

284 2635 371 2678 more
382 2609 537 2678 communi
554 2613 718 2676 descivisse
736 2626 886 2695 oporteat,
903 2611 930 2675 si
954 2615 993 2675 ad
1007 2633 1102 2675 unum
1116 2614 1222 2675 omnia
1242 2614 1387 2696 exempla

287 2715 326 2776 ab
340 2713 437 2796 ipsius
457 2711 582 2791 iugenio
604 2714 744 2794 prolecta
768 2711 916 2776 dieamus.
944 2715 1024 2776 Nam
1041 2711 1153 2774 inlimae
1173 2712 1273 2773 solum
1287 2710 1387 2775 aetatis

285 2809 445 2881 τεχνογράφοι
466 2808 510 2869 sic
538 2806 676 2883 iaciunt,
703 2823 738 2868 ut
761 2807 924 2888 Emporias
948 2811 1058 2872 rhetor
1081 2806 1163 2888 apud
1180 2806 1382 2891 Capperonu.

285 2905 391 2968 Rhett.
407 2924 438 2987 p.
458 2905 529 2977 303,
547 2917 580 2966 et
595 2901 750 2966 Priscian.
772 2907 908 2986 Praepar.
933 2906 1028 2966 rhett.
1049 2925 1081 2984 p.
1109 2905 1181 2977 359,
1198 2905 1386 2970 vetustiores

286 3014 388 3062 sutem
398 3012 431 3062 et
445 2996 624 3074 nobiliores,
640 3013 674 3062 ut
686 2996 821 3062 Rutilius
831 3001 949 3081 Lupus,
966 2999 1091 3062 nonnisi
1111 3021 1181 3063 cum
1194 3004 1275 3085 apud
1287 3005 1384 3088 potio-

285 3117 337 3160 res
364 3109 506 3160 auctores
525 3091 600 3158 satis
625 3106 696 3177 apta
716 3115 779 3157 nou
802 3092 1017 3160 inveniebant.
1037 3093 1159 3160 Deinde
1177 3117 1240 3162 nou
1259 3097 1385 3162 difficile

286 3196 377 3257 modo
407 3205 492 3268 erat,
519 3193 573 3256 sed
597 3188 752 3254 lubricum
770 3192 875 3255 etiam.
911 3195 991 3256 Nam
1015 3190 1171 3256 simulatio
1199 3195 1385 3258 declamato-

286 3315 356 3360 rum
370 3293 532 3360 alorensis
552 3292 692 3356 veritatis
710 3292 822 3366 iustitis
836 3309 868 3357 et
889 3292 1084 3359 vehementia
1105 3294 1196 3372 louge
1221 3309 1386 3379 superatur

288 3393 441 3482 (Quintil.
459 3395 500 3469 X,
517 3397 548 3469 2,
563 3393 620 3478 12)
631 3407 663 3456 et
673 3395 864 3458 discentibus
874 3393 908 3457 iu
920 3409 1056 3460 mentem
1065 3391 1176 3457 reuire
1190 3409 1335 3478 poterat,
1351 3406 1384 3456 ut

285 3494 360 3558 ficta
368 3495 421 3557 illa
431 3491 571 3576 exempla
590 3511 660 3555 cum
674 3493 758 3554 veris
772 3506 1000 3575 compararent.
1018 3496 1117 3555 Porro
1133 3493 1216 3575 justo
1234 3514 1384 3575 arrogan-

285 3591 348 3656 tior
359 3606 467 3657 auctor
483 3605 552 3654 erat
566 3592 697 3666 futurus,
722 3588 748 3653 si
762 3588 1030 3654 sermocinationis
1045 3594 1126 3672 quod
1139 3595 1313 3677 exemplum
1333 3596 1381 3656 de·

286 3694 332 3756 dit
343 3696 397 3768 lV,
415 3696 455 3758 52
468 3691 530 3755 fine
545 3739 553 3768 ,
568 3713 587 3754 a
600 3693 804 3754 seinrentum
814 3705 977 3774 tantopere
998 3691 1150 3755 laudaret.
1166 3696 1273 3759 Genus
1287 3693 1384 3757 etiam

287 3795 438 3856 sermonis
464 3794 547 3858 inest
567 3811 690 3874 prorsus
701 3791 876 3866 dirersnm3
901 3790 1056 3874 antiquius
1070 3805 1156 3856 certe
1173 3794 1208 3854 in
1226 3789 1385 3855 nonnullis

288 3904 320 3955 et
334 3893 543 3973 incomptum,
564 3889 751 3951 inurbanum
774 3892 860 3966 adeo,
879 3903 914 3951 ut
928 3892 988 3966 lV,
1014 3892 1065 3966 st,
1086 3905 1155 3953 eta
1179 3886 1384 3954 Ciceroniano

288 4009 361 4054 saue
382 3990 485 4052 nitore
504 3988 659 4051 remotius.
677 3987 818 4068 Denique
834 4008 939 4061 uuum,
965 4001 997 4050 et
1016 3989 1138 4070 quidem
1157 3984 1304 4050 Curionis
1325 4003 1383 4071 pro

286 4089 399 4158 Servio
413 4086 521 4154 Fulvio
530 4089 568 4152 de
581 4085 700 4150 incestu
714 4089 887 4172 exemplum
900 4087 994 4152 habet
1010 4092 1126 4151 Auctor
1135 4090 1175 4165 ll,
1190 4089 1251 4164 203
1267 4105 1382 4154 nomen
1444 4167 1450 4190 κ
