2904 4840
779 385 847 454 110

258 522 442 589 triennum
457 523 495 585 ad
512 522 668 606 populum,
694 521 876 607 diceretque
891 528 1047 611 accepisse
1069 547 1087 590 a
1108 545 1183 607 rege
1203 527 1356 590 Antiocho

258 622 432 704 pecuniam,
455 632 489 680 ut
513 619 742 682 conditionibus
762 620 908 700 gratiosis
928 636 960 686 et
985 621 1126 688 mollibus
1153 643 1213 707 pax
1233 645 1305 686 cum
1322 645 1359 688 eo
1450 695 1451 700 γ

258 723 364 806 populi
374 722 507 785 Romani
521 721 647 783 nomine
658 719 758 798 ficret,
775 735 807 784 et
818 727 957 804 quedem
972 725 1047 788 item
1059 725 1120 790 alia
1135 723 1261 788 crimini
1271 726 1361 788 daret

258 821 388 904 indigna
408 823 464 884 tali
482 823 552 884 siro
573 843 581 882 t
603 835 668 884 tum
690 821 795 904 Scipio
824 843 923 908 pauca
948 827 1103 910 prefatus,
1137 847 1204 908 quae
1224 823 1362 906 dignitas

256 922 330 986 rite
354 939 415 984 suoe
434 935 524 1002 atque
548 920 648 998 glorie
662 917 857 1003 postulabat:
884 923 1058 999 Memoria,
1081 925 1192 1007 inquit,
1214 927 1358 1008 Quirites,

259 1039 362 1103 repeto
381 1023 462 1082 diem
479 1041 546 1082 esse
565 1019 756 1094 hodiernum,
776 1044 833 1108 quo
854 1025 1059 1088 Hannibalem
1072 1025 1211 1102 Poenum,
1228 1029 1360 1105 imperio

259 1137 361 1182 vestro
376 1123 639 1190 inimicissimum,
650 1141 763 1200 niagno
770 1123 880 1201 proelio
890 1127 955 1184 vici
966 1127 998 1183 in
1008 1139 1093 1184 terra
1101 1124 1133 1188 A
1126 1126 1226 1206 frica,
1236 1143 1362 1203 pacem·

203 1265 205 1271 -
257 1243 316 1307 que
337 1237 367 1280 et
392 1224 556 1281 victoriam
575 1220 665 1282 vobis
682 1227 794 1300 peperi
818 1223 1045 1301 insperabilem.
1064 1225 1130 1286 Non
1150 1230 1245 1306 igitur
1263 1228 1360 1284 simas

260 1319 402 1380 adversus
419 1317 492 1375 deos
503 1318 625 1396 ingrati,
649 1319 706 1377 sed
719 1339 839 1392 censeo,
855 1319 1060 1403 relinquamus
1071 1321 1250 1382 nebulonem
1271 1320 1359 1394 inune,

259 1433 366 1474 eumin
387 1411 456 1474 ttnc
475 1415 614 1492 protinus
634 1413 705 1474 lovi
723 1418 836 1492 optimo
863 1417 1005 1473 maximo
1026 1415 1222 1496 gratulatum.
1248 1415 1361 1490 Fertur

260 1513 355 1578 etium
365 1509 477 1578 oratio,
493 1527 561 1591 quae
571 1507 811 1573 videtnrhubita
824 1510 923 1573 codic
937 1529 956 1571 a
969 1509 1125 1594 Scipione,
1140 1523 1173 1573 et
1188 1513 1240 1592 qui
1252 1513 1362 1576 dicunt

261 1634 329 1677 eam
343 1632 407 1674 non
424 1631 543 1688 verum,
561 1633 624 1676 non
638 1623 713 1674 eunt
726 1609 853 1685 infitias,
872 1611 945 1692 quin
960 1609 1027 1673 haec
1050 1611 1173 1694 quidem
1188 1600 1287 1676 verbu
1300 1615 1362 1676 iue-

260 1710 337 1787 rint,
354 1727 421 1792 que
438 1710 515 1784 dixi,
530 1707 695 1792 Scipionis.
805 1699 807 1703 ’

214 1791 231 1859 l
293 1809 385 1860 Nm...
405 1805 500 1873 sinus]
522 1806 666 1858 attentione
673 1803 784 1875 Quum
796 1815 847 1867 est,
859 1821 914 1857 non
927 1804 981 1878 Icgi
995 1806 1068 1858 Ne...
1094 1805 1194 1858 smus:
1212 1823 1238 1859 v.
1255 1807 1364 1876 Quinti-

330 1894 395 1946 lian.
407 1893 430 1954 I,
441 1891 466 1956 5,
482 1891 526 1944 ⁵0.

303 1975 623 2042 Animadvertendum
647 1983 705 2048 est,
734 1971 817 2034 idem
841 1974 960 2038 referre
982 1971 1118 2047 Livium,
1140 1975 1195 2036 sed
1222 1975 1363 2037 ornatius

260 2080 436 2149 XXXVIII,
449 2077 485 2138 51
562 2074 634 2134 Hoc
645 2071 769 2158 (inquit)
780 2075 843 2144 die,
856 2073 967 2134 tribuni
975 2075 1077 2152 plebis
1084 2095 1200 2160 vosque
1214 2077 1362 2158 Quirites,

261 2201 331 2244 cum
356 2175 534 2244 Hannibale
558 2189 590 2234 et
612 2173 911 2253 Carthaginiensibus
931 2179 1028 2256 signis
1054 2175 1172 2237 collatis
1195 2181 1226 2236 in
1249 2179 1365 2258 Africa

262 2280 339 2342 bene
353 2297 392 2336 ac
398 2272 695 2355 feliciterpugnaoi.
708 2272 816 2355 Itaque
825 2292 895 2332 cum
903 2271 990 2337 ltodie
1000 2271 1099 2334 litibus
1106 2288 1137 2332 et
1140 2269 1255 2355 jurgiis
1263 2292 1364 2352 super·

263 2380 365 2442 sederi
376 2389 499 2456 aequum
522 2375 575 2446 sit,
595 2393 654 2452 ego
673 2371 745 2432 ltine
761 2374 918 2452 extemplo
939 2378 971 2432 in
995 2373 1180 2453 Capitolium
1197 2375 1239 2432 ad
1252 2375 1365 2437 lovem

263 2477 413 2552 optimum
424 2473 598 2530 maximnm
612 2470 823 2554 lunonemque
847 2484 878 2530 ct
897 2473 1072 2536 Minervam
1085 2487 1255 2554 ceterosque
1269 2473 1364 2546 deos',

262 2577 315 2658 qui
328 2570 481 2650 Capitolio
491 2585 579 2656 atque
591 2576 660 2632 arci
668 2573 849 2650 president,
856 2571 1034 2634 ,reddendos
1043 2573 1094 2634 tho
1105 2599 1116 2632 .·
1130 2571 1234 2658 ln'sque
1248 2578 1368 2653 gratim

263 2693 368 2754 agam,
381 2675 463 2758 quoti
471 2671 551 2732 milri
558 2688 588 2734 et
601 2671 658 2734 hoc
672 2677 740 2750 ipto
750 2674 802 2732 die
815 2687 846 2732 et
859 2693 943 2752 sepe
955 2675 1039 2735 alias
1051 2678 1179 2754 egregie
1187 2673 1366 2753 reipublice

263 2777 406 2856 gerendo
425 2789 558 2836 monem
572 2775 814 2858 ficultatemque
831 2774 986 2835 dederunt.
998 2775 1152 2840 ,Vestrum
1167 2795 1284 2860 quoque
1301 2777 1365 2859 qui·

266 2873 320 2932 bus
338 2873 534 2933 commodum
554 2886 610 2944 est,
627 2874 668 2928 ite
681 2890 814 2941 mecum,
834 2871 979 2953 Quirites,
1002 2886 1033 2930 et
1052 2885 1138 2930 orate
1160 2871 1245 2940 deos,
1260 2886 1292 2930 ut
1307 2873 1367 2930 etei

164 3042 167 3048 1
264 2969 382 3029 similes
391 2972 549 3048 principes
562 2967 707 3028 habeatis,
724 2967 776 3028 lta
788 2965 825 3050 {si
838 2965 878 3026 ob
892 2970 981 3026 annis
995 2966 1198 3044 septendecim
1214 2968 1258 3026 ad
1282 2985 1366 3026 serte-

264 3085 375 3132 ctutem
388 3089 512 3148 semper
526 3089 583 3130 vos
598 3073 720 3130 etatem
730 3081 834 3128 meam
847 3065 1012 3128 honoribus
1026 3072 1136 3128 vestris
1150 3071 1299 3136 mteistin
1313 3083 1368 3146 ego

265 3186 385 3232 vestros
396 3169 526 3231 honores
537 3169 628 3230 rebus
641 3171 785 3250 gerendis
796 3170 949 3246 processi
951 3211 960 3226 .

300 3273 357 3324 Hoc
373 3269 429 3336 dic]
447 3270 506 3322 lam
526 3289 559 3323 ex
570 3269 621 3322 hoc
640 3269 698 3324 Ioco
714 3268 812 3330 elucet,
831 3263 910 3336 quale
922 3265 955 3320 de
968 3266 1133 3320 orationibus
1148 3265 1219 3320 Livii
1235 3265 1367 3338 judicium

336 3353 474 3406 ferendum
486 3353 530 3406 sit.
543 3353 628 3406 Gellii
644 3352 736 3414 oratio,
750 3367 827 3420 quam
846 3349 965 3422 Scipioni
976 3348 1103 3410 vindicet,
1124 3349 1210 3402 multo
1221 3348 1367 3422 simplicior

338 3451 380 3494 est
399 3452 427 3492 et
444 3439 582 3512 antiquum
595 3440 709 3493 colorem
726 3435 839 3500 redolet3
863 3435 957 3488 Livius
973 3455 1034 3488 vero
1052 3435 1235 3504 antiquitatem
1254 3447 1281 3486 et
1294 3435 1365 3487 robi-

337 3527 426 3598 ginem
435 3525 605 3578 commutavit
618 3520 757 3596 splendore
767 3520 894 3574 otutioniu
904 3539 968 3575 succ.
980 3519 1049 3574 Vide
1058 3519 1090 3572 ad
1102 3519 1211 3572 Catonis
1223 3519 1368 3572 orationem

338 3611 370 3662 de
383 3611 438 3684 lege
456 3611 551 3683 Oppia.
569 3611 655 3678 Atque
669 3607 792 3660 universe
811 3606 955 3660 tenendum
971 3618 1026 3670 est,
1047 3624 1124 3670 eum,
1142 3603 1190 3676 qui
1208 3602 1368 3674 eloquentie

338 3695 458 3746 orutociae
471 3695 524 3745 vim
538 3693 606 3745 bene
621 3689 778 3762 perceperit,
797 3690 875 3743 facile
891 3689 999 3752 sentire,
1014 3701 1144 3758 quantum
1164 3688 1195 3742 ub
1214 3705 1294 3758 opere
1308 3703 1366 3739 ora-

339 3781 404 3834 toris
418 3781 604 3834 historicorum
618 3777 717 3830 distent
736 3778 879 3838 orationes,
893 3792 1037 3846 rerumque
1055 3794 1114 3828 esse
1126 3775 1164 3838 id,
1180 3774 1251 3845 quod
1268 3775 1368 3827 Seneca

343 3867 464 3936 (Excerp-
483 3863 608 3914 Contcov.
628 3859 650 3910 I.
668 3859 706 3912 III
718 3860 811 3931 pref.)
823 3857 897 3922 dicit,
922 3857 1048 3911 orait'ones
1065 3855 1192 3914 Sallustii
1207 3856 1235 3908 in
1253 3856 1368 3910 mete

340 3957 441 4004 lantum
453 3943 618 3999 interditum
627 3943 692 4018 legi,
705 3958 733 4000 et
741 3944 812 4016 quod
823 3943 854 3996 de
863 3943 1019 4016 Thucydide
1031 3944 1123 3998 Cicero
1129 3941 1259 4013 judicarit
1267 3942 1299 3996 in
1305 3943 1369 3996 Ora·

341 4051 397 4088 tore
411 4053 436 4084 c.
448 4035 482 4082 9:
502 4032 653 4101 Numquam
667 4039 707 4085 esi
720 4035 870 4084 ueneratus
884 4037 980 4112 oralpr,
998 4049 1054 4090 nee,
1067 4029 1094 4082 st'
1105 4027 1297 4082 intentantem
1311 4045 1370 4082 sert-
1449 4061 1450 4066 =

335 4119 444 4194 ptuisset,
462 4134 549 4169 nornen
560 4120 619 4192 ejus
633 4125 745 4173 extaret.
766 4117 812 4186 [ln
825 4133 882 4170 cum
900 4136 956 4171 rem
977 4137 1002 4172 v.
1022 4119 1165 4170 Westerm.
1185 4133 1213 4186 p.
1235 4115 1328 4182 14-17λ
1344 4125 1370 4167 et

342 4225 408 4280 quos
422 4204 467 4256 illc
481 4203 596 4272 laudnt]
