2904 4838
630 351 693 424 191

6 526 10 535 .
139 435 198 558 ¹quo
209 487 293 540 mrsu
307 483 333 547 lo
344 489 452 552 model·
459 483 565 551 excidit,
575 485 679 558 opinor,
688 483 759 537 illud
767 491 799 538 ut
807 485 890 556 pluero
897 491 954 545 ¹trr'o
962 483 1207 556 equestrtirsmcnl,

180 572 208 625 id
216 572 287 643 quod
296 571 408 626 Krehlio
416 589 522 645 quoque
530 573 560 625 in
569 583 683 627 mentem
690 572 775 626 veuit.

4 556 8 612 Ι

3 618 9 744 l
106 700 112 705 ’
152 701 268 764 Paulus
285 700 319 763 io
335 697 478 783 Epitome
504 701 605 766 Festi:
629 699 759 767 AEribus
771 702 935 784 pluraliter
954 702 994 766 ab
1014 720 1087 775 tere,
1110 699 1209 766 idest

113 810 291 873 eramento,
306 795 383 860 dicit
394 797 484 862 Cato.

346 980 398 1044 82.
425 1001 459 1045 rt.
472 999 548 1046 etro
561 1001 591 1044 nt
606 1001 691 1076 neers
705 1001 813 1044 noris
826 1000 977 1045 torsione.

151 1146 308 1211 Priscian.
325 1145 402 1223 xit,
427 1145 461 1224 t,
483 1167 518 1231 p.
537 1147 616 1212 549:
633 1147 677 1207 Μ.
689 1145 768 1210 Cato
782 1147 815 1208 in
830 1145 906 1226 legis
920 1144 1035 1207 Maeuiae
1047 1148 1208 1210 suasione:

111 1248 182 1308 Rex
190 1247 337 1308 Seleucus
348 1269 439 1308 ανηια
450 1247 696 1329 nostratiafacit.
1332 1259 1335 1265 ’

147 1379 212 1455 legis
225 1377 337 1450 Moectlr]
355 1381 423 1434 forte
439 1379 553 1444 Moent'oe,
565 1381 669 1452 deque
684 1380 779 1436 Cicero
795 1380 823 1433 in
840 1381 931 1447 Bruto,
945 1382 1110 1435 etVarronis
1128 1382 1212 1435 Satira

182 1467 374 1539 inscriptam
382 1465 490 1521 Meuia.
505 1468 551 1536 [V.
563 1465 671 1520 Ernesti
682 1465 758 1519 Clar.
769 1465 826 1520 Cic.
836 1484 860 1521 s.
869 1471 910 1536 ι]
923 1467 975 1522 Sed
987 1466 1058 1520 nihil
1069 1469 1113 1520 hic
1124 1467 1209 1522 rideo.
1319 1523 1320 1530 ,

146 1552 339 1706 ὃσῖιῖωωῗαιη
346 1637 477 1692 Seleucus
483 1640 633 1702 Ceraunus,
646 1638 727 1692 frater
738 1638 866 1691 Antiochi
874 1639 973 1711 Magni,
984 1637 1041 1703 aut,
1050 1637 1121 1709 quod
1129 1640 1212 1712 mapa

181 1724 281 1796 placet,
288 1723 417 1777 &leucus
423 1722 588 1797 Philopator,
595 1723 721 1776 Antiochi
729 1722 813 1785 filius,
821 1721 1013 1795 intelligendus
1022 1736 1073 1790 est,
1080 1725 1128 1795 qui
1135 1743 1212 1778 nttut-
1229 1717 1236 1729 ’

182 1827 260 1881 quam
270 1809 398 1864 Romanis
406 1807 509 1864 bellum
517 1808 616 1862 inferre
624 1825 706 1862 ausus
714 1818 764 1862 est.

423 1977 476 2048 83.
502 1997 578 2043 otro
592 1995 709 2040 eontra
724 1995 753 2040 o.
767 1995 904 2039 mseras.

153 2139 298 2222 intelligo
311 2139 349 2204 C.
363 2139 567 2223 Calpurnium
580 2140 738 2217 Pisonem,
754 2139 807 2226 qui
821 2121 933 2205 eodem
946 2159 1041 2215 auno,
1059 2161 1120 2225 quo
1135 2141 1213 2208 Cato

113 2261 226 2306 censor
238 2255 309 2305 erat
318 2238 361 2324 (a.
376 2239 459 2325 569),
473 2241 511 2303 de
523 2242 679 2306 Lusitanis
690 2255 723 2307 et
732 2241 900 2306 Celtiberis
914 2240 1127 2327 triumpharit.
1140 2242 1209 2306 Liv.

112 2339 232 2416 xxlx,
253 2339 306 2402 tu.
324 2333 428 2428 [Coni.
443 2350 479 2401 ‘et
492 2340 630 2422 Appiam
644 2341 735 2423 Hisp.
749 2361 777 2403 e.
793 2341 844 2404 56.
859 2339 948 2402 Both.
964 2359 996 2424 p.
1011 2341 1088 2418 tte·
1105 2341 1157 2424 qui
1178 2338 1213 2402 in

111 2439 220 2502 eadem
235 2434 390 2499 metenda
403 2427 526 2524 est.]-
536 2433 693 2497 Weberns
707 2435 868 2498 adnotavit
881 2455 913 2518 p.
926 2436 986 2499 352
1000 2438 1214 2520 «Perpetuam

111 2551 145 2603 et
154 2536 309 2623 precipue
320 2533 474 2614 insignem
484 2551 576 2616 opem
589 2533 661 2596 tulit
671 2534 829 2617 Hispanis,
841 2533 942 2597 veteri
955 2553 1018 2597 sure
1029 2537 1212 2619 provinciae,

111 2645 242 2718 propter
254 2650 385 2714 quorum
397 2627 542 2713 injurias,
555 2628 707 2698 Cicerone
719 2639 871 2692 narrante
885 2625 1010 2713 (Diviu.
1028 2629 1063 2692 in
1080 2629 1163 2693 Cmc.
1180 2631 1213 2695 c.

60 2803 64 2812 ,
112 2736 167 2814 20,
188 2731 251 2815 68),
273 2753 344 2796 cum
364 2732 471 2794 multis
492 2750 604 2812 graues
624 2731 805 2795 inimicitias
825 2731 931 2812 gessit.
959 2732 1066 2813 ltaque
1079 2731 1214 2816 primum

112 2853 143 2896 a.
154 2833 195 2899 U·
211 2830 275 2896 582
283 2829 427 2914 perfecit,
443 2841 479 2890 ot
491 2827 528 2890 P.
541 2826 655 2894 Furius
666 2828 773 2892 Philus
787 2830 1000 2892 damnaretur.
1016 2831 1082 2893 Nec
1092 2826 1212 2909 dubito,

112 2932 190 3017 quin
206 2933 247 2998 ad
263 2932 318 2996 illa
331 2943 472 3016 tempora
483 2930 671 3014 pertinuerit
681 2929 791 2997 Oratio
804 2930 839 2994 iu
849 2929 887 2995 C.
899 2929 1056 3004 Pisonem,
1068 2944 1100 2996 et
1113 2930 1213 3014 ipsum

112 3031 363 3115 olimpraetorem
372 3027 566 3114 Hispania»

155 3125 311 3191 Priscian.
324 3123 366 3202 X,
380 3127 411 3198 8,
425 3145 458 3209 p.
473 3123 555 3189 503:
572 3123 650 3188 Cato
664 3138 776 3188 contra
786 3125 824 3187 C.
844 3123 1008 3190 Pisonem:
1027 3127 1140 3202 Video,
1157 3123 1214 3186 loc

111 3237 291 3304 tempestate
300 3225 527 3284 concucurrisse
536 3240 643 3282 omnes
653 3222 851 3286 adversanos.
963 3223 966 3228 ’

148 3358 347 3429 miste]
361 3359 378 3412 3
390 3355 467 3412 codd.
477 3373 521 3428 ap.
531 3353 624 3410 until.
639 3354 805 3410 catarecte.

322 3517 325 3521 ¹
351 3535 404 3599 84.
428 3553 506 3600 caro
519 3553 578 3600 rao
592 3555 620 3597 r..
638 3553 754 3600 cmm
768 3555 810 3599 to
824 3553 976 3602 mantue.

157 3697 233 3764 Vtile
246 3690 420 3764 orationem
433 3717 492 3784 pru
504 3697 541 3762 L.
552 3695 693 3775 Gmsetio,
707 3718 741 3784 p.
752 3698 807 3762 ts.

176 3876 230 3944 85.
253 3895 330 3942 curo
344 3897 376 3940 ta
386 3895 592 3942 ntmutcrroo
606 3897 724 3954 uteru,
739 3895 805 3951 Qus
819 3891 930 3940 roem
945 3893 1075 3939 nestora
1086 3896 1149 3940 rsr.

156 4059 283 4122 Potes:
300 4058 441 4136 Siremps
455 4057 571 4120 dicitur
584 4076 642 4141 pro
656 4057 765 4119 eadem
777 4056 829 4118 rel
840 4053 977 4139 proinde
990 4050 1092 4142 [quasi
1103 4056 1214 4120 similis

35 4139 43 4160 ⁹
114 4179 167 4224 res
187 4151 284 4246 ipsal.
305 4159 383 4224 Cato
398 4157 432 4221 in
448 4157 652 4223 dissuadendo
665 4149 785 4243 le[gem
799 4177 865 4242 que
879 4169 985 4241 postea
999 4151 1211 4240 rellictaestr
1254 4209 1258 4218 .
