2916 4838
135 469 217 534 tet-te,
230 478 349 522 summa
363 478 426 520 non
441 457 513 518 uitae
524 455 622 518 solum
632 467 731 536 atque
742 461 874 529 nature,
893 457 948 518 sel
966 451 1119 518 emtionis
1136 451 1230 518 Mam

133 561 273 634 comitas,
285 560 468 638 incorrupta
479 557 618 638 quaetlam
628 555 717 641 latim
727 555 880 618 sermonis
891 554 1073 634 integritast
1086 573 1152 634 qum
1162 574 1231 638 per-

132 661 213 744 spici
230 679 301 721 cum
311 677 355 719 ex
368 652 642 738 orationibosejus.
655 666 757 738 potest
774 667 840 716 turn
857 655 1004 719 facillime
1023 667 1064 716 ex
1078 667 1121 714 'ee
1135 652 1229 730 libro,

133 774 228 839 quem
241 758 280 818 de
294 754 456 818 consulatu
469 767 502 816 et
515 755 554 816 de
568 753 662 816 rebus
679 753 772 834 gestis
785 753 848 816 suis
863 752 1074 837 conscriptum
1095 751 1181 814 molli
1201 765 1234 814 et

135 857 360 940 Xenophonteo
372 875 488 937 genere
501 855 653 918 sermonis
665 855 749 918 misit
761 857 802 918 ad
812 858 851 918 Α.
864 856 993 918 Furium
1002 864 1138 937 poetam,
1148 850 1235 914 lami·

134 957 245 1022 liarem
257 977 360 1020 suum:
378 957 431 1038 qui
440 955 521 1020 liber
534 953 633 1018 nihilo
643 957 748 1020 notior
760 968 809 1018 est
822 974 915 1038 quam
927 953 975 1018 illi
989 968 1068 1030 trees
1075 955 1114 1018 de
1125 951 1236 1036 quibus

137 1073 209 1123 ante
222 1059 295 1136 dixi,
307 1059 419 1123 Scauri
430 1055 517 1119 libri.

176 1155 443 1220 Commemoratur
453 1155 501 1217 De
513 1166 593 1217 orat.
608 1153 650 1230 ll,
664 1151 714 1227 11,
728 1152 787 1213 44:
803 1149 978 1235 «QCatoli
987 1151 1119 1210 madan
1130 1154 1236 1210 matois

134 1254 292 1336 Popillia,
315 1253 367 1318 coi
386 1255 519 1339 primum
541 1252 663 1318 mulieri
677 1254 761 1316 bunc
775 1253 926 1316 honorem
939 1251 973 1316 in
987 1261 1096 1316 nostra
1110 1252 1235 1313 civitate

136 1352 286 1415 tributum
297 1373 365 1416 esse
375 1365 461 1436 puto.
475 1379 489 1408 s
863 1339 864 1344 ’

248 1571 360 1642 XLll.
388 1570 436 1663 Q.
452 1567 623 1644 Metellus
638 1569 879 1658 Numidicus,
894 1569 937 1640 L.
954 1565 1058 1644 Calvi
1071 1569 1112 1642 F.

493 1693 664 1791 [Ellendt.
687 1721 723 1794 p.
744 1693 886 1789 stat]

179 1891 475 1976 mausueta.
1179 1989 1184 1996 .

179 2009 247 2072 Cic.
261 2009 350 2070 Brut.
363 2027 394 2070 c.
408 2005 555 2096 35,'135=
576 2007 618 2092 Q.
631 2003 772 2071 Metellus
783 2005 961 2071 Numidicus
979 2017 1012 2069 et
1031 2002 1098 2088 eJus
1119 2003 1237 2087 collega
1267 2024 1333 2100 136

136 2105 178 2167 M.
191 2105 316 2169 Silanus
330 2103 478 2167 dicebant
491 2105 529 2166 de
543 2098 730 2188 republica,
743 2104 827 2184 quod
838 2114 916 2167 esset
927 2101 989 2169 illis
999 2101 1077 2168 viris
1088 2115 1120 2167 et
1130 2122 1237 2169 consu·

136 2203 197 2267 lari
208 2203 354 2285 dignitati
365 2204 453 2267 satis.

345 2448 509 2494 ACCUSATM)
524 2449 678 2492 ADVERSUS
691 2448 846 2491 vitutum!
860 2448 1025 2494 manau.

177 2635 298 2698 Gellius
308 2637 378 2710 XV,
394 2621 451 2696 14⁴:
468 2636 557 2718 Apud
569 2637 610 2719 Q.
623 2635 782 2698 Metellum
791 2637 987 2699 Numidicum
999 2637 1034 2699 in
1046 2636 1128 2699 libro
1138 2641 1237 2704 Accu·

136 2731 264 2799 sationis
278 2737 312 2799 in
320 2733 479 2800 Valerium
491 2735 651 2797 Messalam
666 2735 778 2799 tertio:
796 2735 873 2798 Cum
886 2758 953 2798 sese
970 2739 1060 2798 sciret
1075 2741 1105 2797 in
1121 2751 1237 2798 toruum

133 2839 255 2898 crimen
266 2841 499 2922 venissentque
514 2840 615 2898 socios
629 2838 671 2896 ad
684 2852 821 2898 senatum
832 2833 1089 2923 questumflentes
1103 2844 1237 2918 venisse,

134 2981 204 3028 sese
212 2965 360 3040 ρεσωιίαε
370 2963 527 3022 maximas
537 2971 665 3020 exactor
674 2977 753 3019 esse.

169 3131 266 3166 sese—
273 3114 386 3177 meos]
395 3107 415 3162 i.
424 3127 448 3162 e.
455 3108 585 3180 pecunias
594 3127 608 3160 a
618 3127 646 3162 se
655 3108 780 3162 maximas
788 3121 901 3162 exactas.
911 3110 946 3162 V.
953 3108 1027 3164 Gell.
1037 3108 1057 3164 l.
1065 3130 1089 3165 c.
1101 3111 1236 3168 Valerium

205 3193 345 3248 Messalam
357 3191 562 3264 repetundarum
574 3209 649 3245 reum
660 3190 758 3244 factum
780 3204 845 3262 puto
856 3210 918 3246 cum
926 3191 1070 3250 Ellendtio.
1086 3196 1114 3248 M
1118 3237 1124 3251 .
1133 3198 1234 3252 Valerii

207 3279 337 3346 mensale,
350 3279 489 3350 questoris
503 3297 528 3331 a.
539 3280 572 3332 tJ.
583 3278 646 3343 645,
659 3278 783 3331 meminit
793 3279 931 3350 Appianas
939 3279 1064 3342 ¹(lirilium
1074 3281 1143 3336 libro
1151 3283 1237 3356 ptimo

180 3425 182 3430 Ι
199 3380 234 3422 e.
245 3363 289 3429 40,
307 3363 476 3434 nominatque
489 3379 550 3416 eum
563 3361 633 3414 inter
646 3361 756 3432 legatos,
770 3359 817 3430 qui
829 3360 902 3416 bello
915 3363 1029 3420 Marsico
1044 3377 1136 3420 contm
1151 3367 1236 3420 socios

207 3450 368 3508 exercitibus
379 3447 509 3522 praefuere
522 3467 547 3500 a.
558 3449 591 3500 U.
604 3448 666 3500 663.

276 3648 385 3692 ostric
402 3653 443 3692 nn
458 3637 597 3692 rorutnu
613 3649 727 3690 conum
743 3648 771 3687 c.
787 3647 1099 3692 nortmanniam.

181 3813 300 3881 Gellius
310 3817 364 3892 vt,
378 3816 413 3878 11
427 3816 554 3880 :Verba
568 3817 719 3878 haec'sunt
730 3816 771 3898 Q.
786 3816 902 3877 Metelli
919 3815 1075 3879 Numidici
1093 3821 1238 3884 adversus

135 3913 196 3978 Gn.
208 3913 358 3978 Manlium
371 3913 537 3976 tribunum
545 3913 660 3998 plebei,
679 3934 698 3976 a
711 3929 771 3995 quo
785 3913 867 3997 apud
879 3913 1025 3998 populum
1040 3915 1075 3980 in
1091 3917 1236 3982 contione

134 4012 295 4077 lacessitus
312 4009 505 4095 jactatusque
519 4011 621 4094 luerat
634 4009 726 4073 (lictis
739 4009 971 4094 petulantibus:
994 4011 1082 4074 Nunc
1100 4015 1180 4098 quod
1197 4018 1239 4076 ad

137 4109 225 4169 illum
238 4117 352 4188 attinet,
367 4111 513 4193 Quirites,
532 4117 676 4198 quoniam
698 4133 730 4173 se
746 4111 935 4192 ampliorem
953 4127 1039 4193 pietat
1056 4133 1136 4183 esse,
1158 4117 1188 4180 si
1206 4135 1239 4176 se

1053 4225 1086 4276 3²
