2904 4840
633 349 678 425 66

151 491 205 554 50.
228 491 395 556 Orationes
410 499 623 571 antemnaque
636 490 803 573 descripto
818 487 932 552 habite
945 490 1058 574 (Wolf.
1071 498 1108 557 ad
1122 495 1201 560 llar-

105 590 184 652 cell.
197 591 282 673 prael.
299 607 332 674 p.
348 589 450 673 XIX),
474 605 534 652 nec
547 589 607 651 nisi
622 589 725 671 capita
738 589 841 669 vulgo,
860 586 1020 672 inprimis
1039 596 1161 656 exordia
1172 610 1204 656 et

103 692 340 773 perorationes,
360 690 497 766 chartis,
515 699 680 772 antequam
696 690 869 767 diceretur,
886 692 1044 755 mandata.
1059 691 1155 765 Nam,
1172 712 1206 759 ut

102 791 222 856 Cicero
236 793 325 869 dicit,
343 791 491 874 pleneque
510 792 668 855 orationes
686 806 748 854 uon
767 792 918 855 habendae
930 791 1127 869 scribuntur,
1151 799 1208 860 sed

102 889 236 966 habitae,
253 891 341 954 Tusc.
357 893 410 968 Π,
425 891 483 969 26;
500 893 588 953 Brut.
607 909 637 952 c.
654 891 712 964 243
726 892 795 955 Cat.
809 892 883 974 maj.
898 910 927 955 c.
942 893 991 970 li,
1008 892 1204 970 omc.11‚r;

103 992 197 1053 conl.
212 992 304 1056 Woll.
320 993 342 1054 l.
358 1013 389 1054 c.
403 992 456 1054 Sic
473 988 646 1052 orationem
658 1006 716 1070 pro
733 989 991 1072 Miloneprimam
1001 993 1209 1079 adhucQuin·

103 1085 236 1150 tiliauus
254 1088 342 1167 legit,
363 1087 517 1148 minorem
531 1105 578 1158 ea,
597 1101 690 1164 quam
709 1095 778 1166 post
791 1083 978 1149 elaboratius
996 1092 1131 1174 scripsit,
1148 1113 1208 1156 nec

105 1183 148 1245 ab
161 1185 226 1248 ulla
236 1197 323 1268 parte
330 1181 587 1264 comparandam3
602 1198 662 1260 qua
673 1196 731 1241 cur
741 1178 788 1239 uti
797 1181 897 1243 votult
905 1193 968 1244 tam
979 1201 1087 1265 parum
1099 1203 1209 1252 ornata

104 1274 142 1345 in
158 1283 255 1346 amici
264 1283 379 1366 optime
390 1279 493 1343 meriti
504 1279 654 1363 periculo,
671 1279 732 1342 nisi
741 1297 808 1359 qnae
816 1281 983 1345 scribendo
992 1281 1206 1362 inchoaverat,

105 1383 311 1446 meditatione
335 1393 367 1445 et
389 1380 591 1464 extemporali
619 1381 720 1443 calore
745 1381 922 1444 aucturus?
943 1381 1009 1448 lioc
1037 1399 1100 1463 cst,
1128 1392 1208 1471 quod

105 1483 228 1545 diserte
239 1472 355 1559 Plinius
370 1479 425 1564 (ut
437 1479 546 1545 Cicero
562 1481 599 1542 de
613 1479 736 1555 Crasso,
753 1481 841 1550 Brut.
859 1501 888 1545 c.
916 1481 974 1569 tl)
993 1485 1091 1549 multa
1106 1487 1209 1572 capita

107 1578 143 1643 iu
158 1576 372 1644 Ciceronianis
386 1597 449 1642 non
470 1579 587 1662 scripta
602 1581 655 1641 sed
668 1591 790 1670 tantum
804 1591 912 1642 notata
925 1581 1002 1644 dicit
1014 1585 1093 1669 Epp.
1110 1589 1136 1663 1,
1153 1587 1205 1662 20,

109 1679 141 1751 7,
158 1692 194 1741 ut
208 1696 265 1762 pro
276 1677 418 1750 Murena,
432 1689 465 1739 et
474 1675 610 1740 Vareno.
626 1675 663 1737 Et
675 1675 709 1738 in
717 1676 902 1739 Mureniana
912 1689 1028 1756 tamen,
1043 1684 1208 1748 Plutarcho
1264 1737 1269 1750 .

109 1789 201 1849 teste,
215 1777 283 1839 iere
302 1775 432 1837 nimium
453 1775 666 1836 desudaverat.
686 1772 763 1858 Quae
777 1790 868 1838 causa
890 1776 1016 1838 ridetur
1030 1777 1132 1855 inisse,
1151 1803 1208 1844 cnr

110 1875 302 1939 Murenianae
322 1893 408 1958 pars,
423 1875 476 1936 rix
489 1885 605 1957 praeter
621 1875 884 1938 nomenclaturam
902 1876 951 1938 rel
964 1876 1092 1940 brevem
1104 1899 1208 1942 rerum

52 1957 55 1962 ⁵
111 1973 302 2036 notationem
326 1974 492 2054 quidquam
513 1971 687 2043 continens,
711 1972 873 2051 interirem
900 1975 1017 2037 omissae
1034 1987 1117 2051 suut,
1139 1999 1208 2040 cum

111 2071 267 2146 ederetur,
285 2069 441 2152 pleniores
453 2067 672 2152 expositiones,
686 2089 739 2130 ne
754 2069 921 2132 debiliores
935 2070 1108 2152 legentibus
1124 2077 1208 2138 ride·

102 2177 234 2232 rentur.
255 2157 376 2230 Deinde
390 2185 490 2229 causae
505 2183 571 2247 qua
586 2164 687 2226 minus
702 2165 782 2227 bene
800 2167 972 2248 placerent,
990 2170 1040 2231 vel
1054 2189 1116 2234 non
1128 2171 1208 2235 bene

114 2267 309 2340 excidissent,
325 2289 389 2330 non
404 2265 656 2339 elaborabantur‚
673 2267 726 2327 sed
740 2263 998 2348 relinquebantur
1008 2273 1042 2332 in
1055 2289 1207 2337 commen-

113 2369 212 2443 tariis,
230 2367 336 2448 quales
351 2367 445 2429 etiarn
457 2361 631 2435 Ciceronis,
651 2361 724 2425 licet
737 2367 940 2446 extemporali
954 2379 986 2430 et
997 2369 1209 2450 perfunctoria

113 2487 208 2552 opera
225 2465 439 2541 concinnatos,
465 2481 535 2527 curn
550 2463 754 2525 admiratione
767 2465 873 2526 laudat
886 2464 1098 2550 Quintilianus
1112 2471 1151 2546 X,
1174 2475 1205 2547 l,

116 2565 168 2629 30.
183 2565 331 2629 Enmdem
348 2565 386 2624 de
402 2559 631 2626 commentariis
643 2558 814 2638 generatim
828 2561 981 2624 dicentem
995 2568 1119 2628 romule
1131 2571 1160 2641 l,
1174 2569 1205 2641 8,

118 2663 176 2737 193
200 2661 255 2739 lll,
273 2660 303 2735 6,
317 2661 376 2734 59;
392 2659 504 2720 Ascon.
523 2659 560 2718 ad
573 2655 663 2719 Orat.
681 2655 978 2738 intogacandidap.
993 2659 1032 2720 8¹!
1048 2662 1098 2721 ed.
1109 2662 1208 2726 Orell.

114 2759 165 2825 sle
178 2761 248 2824 Ser.
267 2754 409 2840 Sulpicii,
426 2754 514 2837 cujus
527 2768 590 2816 tres
609 2753 775 2816 elaboratae
788 2756 880 2836 vulgo
898 2753 1080 2818 ferebantur
1097 2759 1208 2821 oratio·

115 2877 183 2930 nes,
210 2855 458 2936 diligentissimos
478 2849 690 2936 Quintilianus
715 2850 953 2916 commentarios
973 2855 1088 2916 laudat.
1109 2857 1208 2918 Etiam

116 2951 338 3019 Ciceronianus
350 2969 407 3034 pro
421 2951 568 3025 Gabinio,
579 2951 715 3026 Vareno,
729 2951 855 3015 Vatinio
872 2952 1028 3014 orationes
1039 2973 1101 3015 non
1111 2956 1208 3036 magis

116 3054 288 3120 censuerim
302 3053 393 3114 luisse
406 3053 590 3124 elaboratas,
613 3068 702 3132 quant
715 3052 844 3114 alteram
859 3072 916 3134 pro
928 3054 1058 3130 Scauro,
1078 3056 1209 3128 ambitus

117 3171 181 3228 reo,
198 3168 267 3215 cum
282 3151 522 3233 repetundarum
546 3148 700 3211 absolutus
711 3159 801 3223 esset,
819 3169 908 3230 quam
922 3152 956 3212 in
971 3154 1209 3216 commentarios

116 3251 244 3316 relatam
259 3243 402 3330 legerunt
412 3245 543 3330 Quintil.
556 3247 610 3320 lV,
629 3247 657 3322 l,
671 3250 723 3320 69,
739 3259 772 3308 et
783 3246 962 3309 Asconiusl.
977 3265 1005 3309 c.
1022 3245 1207 3312 Gabiniana

117 3361 218 3414 tamen
232 3351 439 3431 fragmentum
460 3347 666 3430 Hieronymus
680 3345 815 3410 exhibet.
829 3347 995 3410 addendus
1005 3347 1158 3412 Asconius
1173 3350 1206 3410 in

115 3451 305 3530 Argumenta
327 3446 510 3510 Milonianre.
532 3444 638 3526 Neque
651 3442 719 3505 reri
744 3442 944 3508 similitudine
968 3458 1065 3523 caret,
1089 3447 1204 3510 librum

116 3549 239 3612 tertium
251 3549 403 3611 decimum
413 3545 592 3619 Causarum,
609 3543 695 3626 cujus
708 3542 882 3610 testimonio
893 3544 1057 3610 Diomedes
1067 3548 1164 3610 utitur
1176 3549 1204 3622 l,

117 3665 147 3731 p.
161 3647 233 3724 366,
248 3650 359 3711 horum
374 3644 666 3710 commentariorum
686 3643 788 3708 fuisse.
806 3647 884 3709 Nam
900 3643 1058 3708 auditione
1076 3661 1205 3731 excepta

101 3746 218 3833 'capita
234 3765 298 3810 non
318 3744 461 3820 dixerim,
483 3745 652 3826 presertim
669 3761 739 3806 cnm
754 3744 914 3809 Ciceronis
932 3743 1122 3810 manufacta
1142 3763 1173 3810 et
1187 3769 1204 3810 a

114 3849 228 3915 Tirone
244 3847 412 3930 composita
423 3843 633 3929 Quintilianus
646 3843 742 3909 dicat.

157 3945 302 4015 Videmus
314 3947 389 4010 inde
398 3959 543 4027 tauquam
553 3943 712 4027 peculiare
730 3928 874 4028 quiddam
888 3945 1033 4029 positum,
1048 3947 1204 4011 orationes

121 4047 254 4121 totidem,
271 4059 344 4129 quot
357 4039 469 4106 habita
482 4043 586 4107 verbis
599 4042 671 4121 sint,
684 4043 884 4127 perscriptas,
903 4047 983 4127 qnod
1000 4047 1037 4106 de
1048 4041 1205 4107 Hortensii

121 4161 176 4226 pro
189 4141 316 4205 Messala
325 4139 467 4204 oratioue
481 4143 515 4204 iu
524 4143 622 4204 Bruto
634 4161 663 4202 c.
682 4141 720 4204 96
734 4142 916 4220 reperimus.
936 4137 989 4203 Sic
999 4141 1117 4201 Plinius
1129 4135 1152 4197 l.
1172 4157 1201 4201 c.

1037 4269 1054 4318 9
