2934 4846
782 433 805 479 X

292 547 380 620 Fere
399 549 568 644 perlectae
589 549 797 646 eloquentiae
821 551 1006 621 terminum
1024 553 1208 648 constituit
1226 553 1347 648 Augu·

244 675 290 746 sti
306 674 502 770 imperium.
519 675 592 744 Nee
615 690 730 744 tamen
747 675 910 768 Augusto
936 673 1002 746 soli
1026 675 1163 772 eulpam
1187 679 1263 771 ejus
1288 681 1341 749 rei

241 799 450 872 tribuamus.
474 799 663 895 Pompeius
685 801 780 870 enim
803 815 937 872 mutatu
962 799 1071 872 forma
1094 817 1131 872 et
1153 819 1342 876 consuetu·

240 923 324 994 dine
336 921 714 1016 veterumjudiciorum
727 921 904 995 licentium
919 922 1178 1018 omtorumjum
1188 923 1344 996 refrene-

239 1062 353 1133 vernt‚
376 1044 598 1142 temporibus
619 1043 750 1118 deinde
766 1042 1039 1116 triumviralibus
1054 1043 1262 1142 eloquentiae
1283 1071 1339 1118 re·

236 1176 302 1249 luti
325 1177 415 1249 freni
443 1176 732 1272 imponebantur,
765 1192 873 1272 etque
896 1177 1023 1250 Cicero
1041 1179 1114 1275 ipse
1128 1178 1164 1248 in
1181 1194 1338 1250 extreme

236 1323 353 1394 etate,
370 1307 421 1376 M,
441 1304 553 1388 Bruti,
570 1303 704 1372 eximite
718 1303 792 1398 spei
805 1300 1053 1389 adolescentis,
1069 1304 1195 1378 dolens
1208 1308 1336 1396 tieem,
1385 1351 1388 1358 ι

228 1441 301 1534 jam
325 1428 472 1504 deflevit
481 1427 696 1525 judiciorum
715 1429 908 1498 vastitatem
932 1443 968 1498 et
994 1425 1075 1498 lori.
1104 1429 1230 1501 Subito
1245 1433 1338 1502 enirn

233 1567 359 1638 misera
376 1560 515 1632 fortuna
538 1557 742 1655 reipublicae
768 1558 805 1629 id
827 1560 969 1646 evenit,
995 1574 1033 1628 ut
1051 1556 1195 1631 libertus
1211 1577 1247 1632 et
1262 1563 1338 1633 elo·
1439 1653 1443 1660 Ι

233 1691 374 1791 quentia
392 1685 668 1758 obmutesceret.
687 1686 814 1756 Postea
830 1708 928 1771 vero,
948 1707 1028 1755 eum
1040 1682 1253 1782 eloquentie
1265 1690 1337 1783 pri·

230 1844 305 1891 mas
324 1815 455 1912 ubique
471 1815 563 1885 serre
587 1827 771 1905 arrogaret
793 1809 858 1882 sibi
872 1811 982 1897 Nero,
1000 1805 1177 1908 quomodo
1198 1813 1333 1909 spirare

229 1949 358 2022 diutius
374 1959 512 2044 poterat
526 1941 639 2012 divina
654 1938 712 2011 illa
728 1965 784 2013 urs
796 1941 812 2013 l
825 1944 943 2042 Atque
964 1937 1098 2013 Seneca
1115 1941 1239 2014 eodem
1253 1917 1331 2016 loco

229 2098 350 2147 causus
367 2086 544 2168 eorruptae
565 2067 777 2166 eloquentiae
796 2067 928 2166 optime
945 2069 1103 2165 exponit.
1129 2071 1180 2140 tn
1192 2071 1333 2167 poss-riri

229 2202 414 2279 oestirnore,
445 2189 666 2286 inquantum
690 2186 845 2287 quotrilr'e
869 2189 1012 2280 ingenio
1035 2187 1250 2273 decrescant,
1277 2203 1327 2278 et,

226 2327 341 2394 nescio
357 2344 431 2417 qun
444 2315 631 2414 iniquitute
643 2329 793 2403 nature,
811 2315 1009 2414 eloquentia
1023 2340 1062 2384 se
1075 2329 1170 2388 retro
1184 2312 1328 2390 toleret:

226 2451 262 2521 in
277 2439 430 2516 deterrito
452 2440 558 2540 (post
573 2439 812 2538 Ciceronem)
829 2437 980 2537 quotidie
995 2439 1078 2514 doto
1094 2463 1151 2510 res
1166 2450 1232 2529 est,
1255 2439 1328 2510 rrire

226 2571 312 2644 luxu
333 2580 526 2666 temporum
543 2595 554 2635 .-
569 2561 661 2635 nibil
678 2575 730 2635 est
744 2569 835 2633 enirn
852 2575 924 2634 tone
942 2563 1161 2658 mortiferum
1176 2564 1326 2660 ingenus
1441 2595 1443 2598 ·

223 2719 332 2793 quarn
348 2688 489 2760 luxurio
501 2715 517 2770 ;
530 2688 600 2757 sne
614 2709 693 2758 curn
704 2687 890 2786 promtum
898 2683 1145 2786 pulcherrime
1160 2685 1322 2756 reu'ceei·

223 2817 344 2897 disset,
366 2811 577 2885 translatum
594 2825 650 2882 est
673 2839 772 2883 omne
798 2827 975 2885 certarnen
994 2811 1048 2881 nd
1063 2812 1194 2908 rorpz'a,
1216 2811 1326 2882 multo

222 2939 350 3011 honore
366 2945 579 3035 quaestuque
595 2933 769 3029 urgentem
782 2935 937 3024 sitrefoto
951 2929 1122 3028 quodam,
1136 2936 1238 3027 colen
1252 2957 1324 3006 ma·

221 3069 327 3166 ligrm
338 3075 577 3167 perpetuoque
599 3059 636 3132 in
659 3059 816 3130 omnibus
839 3057 939 3129 relus
955 3058 1013 3129 len
1030 3070 1099 3141 est,
1115 3059 1216 3132 utnd
1233 3049 1322 3130 ronn-

220 3221 313 3270 rnum
326 3189 498 3296 perducto
508 3210 629 3262 rursus
645 3185 877 3284 ndrnstrnurn,
892 3185 1044 3258 uelocius
1060 3186 1202 3284 quidem
1212 3211 1321 3284 quom

220 3313 465 3402 ascenderant,
476 3309 697 3384 relabuntur.
728 3312 882 3408 Torpent
891 3329 970 3379 ecce
984 3309 1129 3405 ungento
1143 3305 1325 3382 deumne

137 3457 140 3466 ’
205 3440 419 3540 juventutis,
448 3460 512 3505 nec
540 3433 577 3504 t'n
604 3430 709 3503 ullius
731 3429 884 3502 tenesne
908 3433 965 3504 rel
982 3411 1103 3502 lubere
1128 3428 1315 3527 vigilatur.

207 3569 369 3658 ,Somnus
386 3563 622 3660 languorque,
637 3561 680 3629 ne
694 3581 811 3628 somno
826 3568 863 3627 et
877 3555 1045 3658 languore
1059 3551 1286 3656 turpror'rnol
1304 3596 1317 3616 ·

215 3719 296 3768 rum
312 3715 430 3763 rerum
451 3683 621 3758 tndustnn
637 3684 765 3757 invurr't
783 3685 930 3756 nnlrnos.
952 3682 1135 3756 Cantandt'
1150 3681 1316 3754 sulcando

218 3845 287 3922 que
308 3839 400 3888 nunc
414 3811 561 3886 obsceno
573 3809 684 3884 rntdm
705 3810 922 3904 effeminatos
941 3821 1072 3892 tenent,
1094 3823 1130 3881 et
1147 3807 1317 3908 capillum

215 3955 383 4048 frangere
407 3957 442 4017 et
463 3941 515 4015 nd
532 3941 718 4013 muliebres
740 3937 924 4010 blondellus
951 3960 1068 4009 rocem
1097 3950 1314 4026 extenuare,

217 4075 359 4151 mollitie
382 4077 534 4173 corporis
548 4078 687 4142 certare
700 4089 780 4137 curn
795 4065 948 4153 lerninis,
975 4063 1253 4140 rinmundr'rst'nu's
1275 4091 1313 4138 re
