2934 4846
688 441 693 450 .
790 375 836 448 bi

262 506 414 571 decimum
429 525 558 591 ponem.
582 511 636 574 Sic
649 511 688 574 de
701 509 846 574 Lambini
866 522 898 573 et
913 510 1038 573 Pearcii
1052 505 1259 594 conjecturis,
1272 507 1361 574 Cice·

260 624 370 668 ronam
382 619 492 670 contra
504 605 594 669 iidem
605 609 786 672 historicam
799 609 1042 689 corrigentibus,
1053 609 1128 671 satis
1141 609 1260 672 dietam
1274 619 1360 670 nst...·

259 709 402 788 Legimus
417 709 512 770 etiam
527 711 609 791 apud
623 709 820 786 Ciceronem,
834 731 991 793 nunqnam
1002 709 1147 773 Cramum
1162 709 1364 791 nisi’quaesto·

261 825 328 867 rem
349 827 368 868 a
388 805 456 868 loro
478 802 606 880 aluisse,
630 820 662 870 et
682 821 803 870 mature
820 807 853 869 in
867 809 1056 870 summorum
1070 818 1228 869 oratorum
1241 805 1364 872 ventac
1448 805 1452 808 ’

199 941 202 954 «
261 921 434 966 numerum.
459 901 522 964 Sed
543 903 624 983 quod
637 903 793 968 Carbonis
814 906 951 968 accusmi
971 923 1041 966 eunt
1056 903 1235 985 paenituisse
1246 900 1365 966 dicitur

260 1005 353 1066 Verr.
366 1003 419 1079 1v,
434 1002 464 1078 l,
480 1021 583 1086 neque
594 1005 699 1068 Crassi
711 1004 909 1085 ingenuitati,
926 1025 1027 1095 neque
1041 1004 1140 1066 enm
1153 1003 1220 1086 ejus
1233 1005 1362 1098 consue-

258 1099 362 1161 tudini
379 1111 623 1168 consentaneum
640 1113 699 1177 cat,
719 1103 774 1164 sed
787 1123 844 1186 pro
858 1100 1022 1167 Ciceronis
1036 1102 1233 1164 excusatione
1247 1102 1363 1164 liaben-

156 1273 161 1284 .
259 1197 342 1258 dum.
358 1190 442 1286 [Non
453 1199 795 1262 maentitanesterm.
807 1201 858 1281 p.l
868 1195 935 1286 li]
948 1199 1088 1263 anda
1099 1199 1206 1282 magni
1216 1199 1364 1260 nomenti

260 1313 353 1358 cansa
365 1306 425 1368 est,
436 1294 518 1374 qnod
532 1293 566 1356 in
581 1293 699 1356 celebri
711 1295 765 1357 illo
777 1294 894 1375 judicio
903 1295 1059 1358 Liciniam
1072 1293 1236 1376 virginemn,
1249 1315 1365 1377 genere

256 1391 320 1468 sibi
328 1391 483 1474 junctam,
492 1390 671 1452 tetendit...
687 1383 739 1477 [V.
752 1391 792 1452 ir.
803 1411 833 1474 p.
845 1387 1043 1478 tlt-leth..
1060 1393 1200 1473 Apparet
1209 1394 1364 1459 senioretti

258 1505 348 1554 aetate
368 1511 483 1574 paucas
496 1490 548 1552 vel
566 1493 644 1554 adeo
662 1491 762 1553 nullas
779 1509 887 1554 musas
903 1493 1002 1572 egisse
1020 1489 1171 1573 publicas,
1186 1511 1249 1554 non
1266 1494 1363 1578 aptio·

256 1609 336 1661 rem,
349 1589 402 1650 sed
416 1587 649 1670 propensiorem
663 1589 747 1652 hand
761 1588 867 1662 dubie,
884 1607 951 1671 quae
962 1587 1087 1668 dignior
1100 1599 1148 1650 est
1161 1591 1279 1652 oratori
1293 1611 1364 1672 pro-

184 1739 187 1752 .
258 1689 383 1762 vincia,
401 1688 603 1754 concionibus
618 1703 650 1752 et
664 1701 791 1752 senatos
805 1688 1034 1753 deliberationi.
1059 1687 1180 1751 Deinde
1200 1696 1363 1752 causarum
1463 1699 1465 1736 l

164 1872 167 1882 ,
260 1790 453 1873 privatarum
466 1786 601 1876 quiaque
613 1787 740 1852 nomina
754 1803 887 1854 exstant.
903 1785 959 1882 [V.
974 1810 1006 1852 n.
1022 1781 1128 1874 ult]

303 1891 356 1954 tl.
380 1897 539 1974 Perpauca
553 1911 618 1954 esse
631 1911 698 1975 quae
708 1891 838 1956 Crassus
851 1889 995 1976 scripsit,
1017 1907 1078 1954 aec
1098 1881 1137 1953 ea
1154 1887 1361 1974 judiciorum,
1464 1913 1465 1960 ,

261 1992 295 2056 in
307 1995 442 2058 Oratore
451 1990 661 2058 Ciceroniana
677 2015 706 2057 c.
722 1995 921 2076 381egimus3
939 2013 997 2057 nec
1012 1993 1088 2068 lere,
1105 2007 1180 2074 quot
1190 1994 1363 2056 verbisha·
1464 1993 1465 1996 ’

258 2091 326 2157 bita
345 2108 436 2169 esset,
451 2107 498 2159 tot
512 2095 606 2158 etiam
620 2095 770 2178 scriptam
785 2093 960 2160 orationem
982 2094 1066 2156 idem
1088 2107 1208 2156 auctor·
1218 2090 1253 2156 in
1273 2095 1359 2155 Brut.
1464 2091 1465 2160 Ῑ

260 2213 289 2253 c.
304 2191 345 2252 44
360 2191 511 2269 affirmat,
535 2211 607 2255 cum
622 2195 660 2254 de
672 2190 792 2274 jndicio
805 2193 980 2273 virginum,
1002 2202 1068 2252 tam
1082 2192 1121 2252 de
1134 2190 1275 2254 suasione
1289 2188 1365 2272 legis
1464 2235 1465 2246 .

261 2288 412 2354 servilian.
427 2294 476 2355 De
485 2291 628 2356 oratione
640 2291 783 2357 censoria
793 2315 857 2356 non
868 2292 942 2356 satis
952 2310 1040 2375 posse
1047 2289 1184 2375 judicari
1195 2291 1282 2365 dicit,
1295 2309 1363 2356 cam
1464 2329 1465 2346 .

166 2453 168 2462 ,
260 2386 401 2471 exposita
414 2403 535 2453 tantum
550 2391 666 2476 capita,
684 2411 747 2456 non
759 2391 923 2474 explicata,
936 2409 995 2452 nec
1006 2386 1068 2451 nisi
1080 2385 1302 2453 commentaria
1313 2409 1363 2451 re·

259 2509 329 2552 rum
340 2493 431 2574 paulo
442 2493 654 2557 elaboratione
665 2494 842 2558 videantur.
850 2539 871 2554 ..

302 2591 357 2655 42.
380 2595 418 2656 L.
434 2595 565 2658 Crassus
579 2616 686 2659 omnes
699 2596 807 2668 ferme,
826 2595 878 2678 qui
894 2607 970 2656 tnnc
984 2605 1087 2667 erant,
1104 2591 1235 2667 nobiles,
1251 2601 1365 2674 praeter
1464 2583 1465 2592 ’

260 2691 296 2752 Ρ.
320 2689 469 2753 Rutilium
491 2695 584 2777 etQ.
604 2693 766 2770 Catulum,
789 2691 828 2755 ab
849 2687 1026 2754 eruditione
1046 2691 1172 2753 ridetur
1192 2705 1361 2770 superasse.

261 2786 384 2870 Quippe
402 2790 437 2849 L.
457 2789 554 2852 Coelio
568 2793 735 2874 Antipatro
750 2811 821 2852 usus
835 2790 983 2868 magistro
999 2785 1078 2870 (Cic.
1095 2789 1143 2848 De
1160 2797 1240 2848 orat.
1254 2787 1297 2860 ll,
1314 2787 1362 2861 12,

261 2890 351 2948 Brut.
366 2909 396 2950 c.
411 2889 463 2972 26)
478 2911 541 2952 non
556 2893 704 2952 Archiam
719 2893 810 2953 modo
821 2903 944 2971 poetam
958 2901 991 2950 et
1002 2883 1197 2968 eloquentem
1207 2885 1366 2950 familiari·

152 3053 156 3056 .
261 3001 325 3052 tate
340 2991 501 3071 amplexus¹
511 3006 558 3053 est
575 2991 640 3073 (Or.
661 3011 718 3074 pro
734 2991 835 3054 Arch.
853 3012 882 3053 c.
897 2991 941 3075 3),
959 2989 1013 3051 sed
1028 2988 1122 3049 ctiam
1137 2987 1269 3051 Athenis
1283 3010 1364 3053 com-

261 3105 399 3152 moratus
412 3089 609 3174 philosophos
628 3095 666 3154 de
685 3113 739 3154 suo
757 3103 789 3153 et
807 3092 941 3153 oratoris
957 3085 1097 3152 artificio
1108 3085 1300 3172 disputantes
1315 3111 1365 3153 au·

262 3190 353 3268 divit,
365 3191 578 3254 Metrodorum
590 3192 623 3253 in
634 3193 744 3275 primis
757 3205 789 3253 et
801 3193 1017 3254 Charmadam.
1033 3192 1072 3254 V.
1093 3189 1161 3253 Cic.
1178 3193 1227 3254 De
1241 3205 1321 3253 orat.
1337 3193 1364 3270 l,

266 3289 304 3351 13
320 3302 352 3351 et
363 3290 414 3352 20.
434 3291 518 3382 Quin
533 3288 628 3352 etiam
640 3288 718 3353 ibid.
733 3291 777 3366 11,
794 3293 823 3364 l,
839 3291 983 3354 Graecam
1000 3289 1119 3351 locutus
1136 3287 1272 3369 linguam
1291 3289 1366 3350 dici·

262 3401 324 3461 tur,
339 3402 486 3470 tanquam
503 3389 594 3451 aliam
611 3409 674 3451 non
688 3400 799 3452 namet.
827 3390 894 3451 Hoc
914 3388 982 3451 loco
1002 3387 1113 3450 multus
1135 3399 1182 3448 est
1201 3387 1312 3450 Cicero
1330 3387 1364 3449 in

261 3491 425 3552 refutanda
440 3488 587 3573 opinione
600 3489 732 3572 vulgari,
749 3511 810 3572 qua
826 3490 929 3574 prima
951 3489 1078 3574 puerilis
1097 3487 1282 3551 eruditionis
1303 3489 1364 3550 ele

262 3601 368 3651 menta
382 3588 511 3652 Crassus
525 3608 587 3651 non
602 3573 789 3653 credebatur
802 3608 950 3669 egressus.
975 3591 1015 3650 Et
1034 3585 1126 3650 inisse
1148 3583 1267 3667 aliquid
1279 3587 1312 3648 in
1328 3603 1366 3649 eo

188 3733 191 3746 .
262 3687 376 3752 artium
391 3687 643 3752 dissimulationis
661 3702 724 3751 tum
743 3711 781 3751 ex
796 3710 833 3753 eo
847 3689 1003 3772 conjicere
1016 3705 1187 3770 possumus,
1201 3688 1282 3769 quod
1295 3683 1365 3749 diii·

228 3873 233 3884 .
262 3803 374 3882 genter
387 3790 505 3859 locutas
517 3787 644 3866 dicitur,
662 3791 693 3852 id
709 3791 789 3872 quod
804 3791 979 3852 orationum
997 3787 1171 3867 fragmenta
1186 3785 1365 3868 plenissime

262 3903 429 3963 testantur,
452 3905 517 3954 tum
538 3893 618 3974 quod
637 3893 748 3957 Graeca
762 3891 907 3954 vertendi
929 3908 1047 3951 morem
1068 3887 1175 3950 habuit
1195 3889 1364 3951 secundnm

261 3990 328 4054 Cic.
346 3993 394 4053 De
409 4005 489 4061 orat.
504 3995 532 4068 1,Ι
550 3993 602 4068 et,
619 4007 651 4055 et
662 3991 796 4075 Quintil.
808 3991 849 4062 X,
865 3992 895 4067 5,
912 3990 943 4061 2,
961 3989 1057 4071 quiet
1072 3985 1236 4050 Ciceronis
1254 3983 1312 4050 init
1332 4002 1365 4052 et

263 4091 416 4164 hiessalae3
434 4104 498 4160 tum
513 4093 594 4173 qnod
605 4089 685 4170 juris
695 4085 813 4170 peritus
824 4085 891 4163 init,
901 4097 933 4147 et
943 4085 966 4146 si
981 4098 1117 4150 nontam
1129 4085 1168 4147 ab
1181 4086 1364 4170 omniparte

267 4199 389 4264 catalus,
408 4209 497 4276 quam
519 4177 670 4261 Scaevmm
696 4183 840 4264 magister
853 4181 937 4263 ejus,
959 4181 1130 4263 elegantior
1145 4195 1261 4247 lameri.
1287 4185 1365 4248 Vide
