2934 4846
647 343 693 414 tt

130 480 211 542 dere
221 478 345 560 Pighius
358 480 472 542 Annal.
490 480 552 542 vol.
564 481 607 555 11,
623 489 659 563 p.
669 481 742 556 497,
756 479 867 564 inipso
889 478 1046 544 consulatu
1060 501 1077 541 a
1092 483 1129 542 L.
1146 479 1218 542 Cas·

128 581 173 642 sio
184 579 258 641 trib
276 581 319 663 pl.
337 591 512 660 correptum
528 579 615 662 eique
626 583 752 644 multam
762 583 931 661 irrogatam
947 601 1015 642 esse
1024 579 1143 641 scribit.
1155 581 1216 642 Sed

128 695 236 740 errare
253 678 387 740 videtur.
405 679 493 759 Apud
506 679 610 741 Valer.
633 678 714 741 Max.
731 681 818 755 VllI,
833 679 863 753 1,
881 680 911 754 1,
928 689 1041 750 exstat,
1061 675 1217 738 multama
1261 725 1263 731 ,

129 773 240 855 populo
254 773 431 854 irrogatam,
444 777 480 836 L.
494 773 599 836 Cassio
613 787 788 838 accusante.
805 776 871 837 Hoc
884 775 918 837 iu
934 772 1093 836 consulatu
1107 772 1219 836 lactum

129 874 310 937 existimans
332 875 455 954 Pighius
477 895 543 938 rem
567 876 700 938 inauditi
721 877 853 958 exempli
872 888 978 938 uetere
1000 874 1125 936 Camilli
1150 893 1222 936 casu

130 971 252 1047 munit;
273 971 384 1035 oblitus
403 985 506 1035 autent
524 984 584 1045 est,
601 973 770 1053 majestatis
789 973 866 1034 lmsae
879 991 1000 1034 causam
1019 971 1111 1051 longe
1129 971 1222 1034 aliam

127 1087 208 1142 esse,
224 1088 261 1130 ac
277 1071 364 1132 luxus
377 1067 507 1153 privati,
530 1068 620 1148 cujus
638 1069 758 1131 notatio
778 1069 817 1128 ad
827 1067 967 1128 tribunos
982 1085 1043 1128 non
1056 1067 1218 1150 pertinuit.

127 1166 191 1228 Sed
202 1187 271 1230 cum
285 1165 423 1231 Velleius
435 1169 480 1241 ll,
499 1167 551 1243 10,
567 1168 606 1229 ob
621 1169 742 1229 domum
755 1185 808 1228 sex
824 1163 935 1228 millies
947 1166 1009 1228 llS.
1039 1170 1221 1230 conductam

129 1264 234 1326 adesse
245 1266 363 1348 jussum
380 1285 398 1326 a
415 1266 449 1326 L.
463 1263 568 1328 Cassio
581 1265 738 1330 AEmilium
752 1266 814 1339 vel,
829 1277 864 1326 ut
879 1262 1032 1338 Valerius,
1061 1263 1101 1324 ob
1116 1267 1221 1328 villam

129 1361 303 1440 elegantius
312 1373 472 1436 structam,
486 1362 657 1444 scripserit,
675 1364 733 1424 hoc
753 1384 777 1450 a
789 1381 919 1426 censore
933 1359 1040 1424 Cassio
1049 1361 1175 1438 iactum,
1193 1375 1226 1426 et

129 1472 270 1524 notatum
289 1461 417 1524 sortasse
438 1464 592 1524 AEmilium
610 1483 687 1526 vero
705 1465 828 1525 videtur
842 1461 1040 1524 simillimum.
1062 1463 1154 1530 Unde
1171 1464 1226 1526 tri·

128 1559 230 1622 hunus
240 1560 422 1640 nescioquis
435 1558 461 1622 si
478 1561 669 1624 occasionem
684 1559 827 1644 arripuit,
845 1559 999 1622 AEmilium
1022 1561 1060 1620 ad
1080 1561 1223 1643 populum

130 1647 329 1734 criminandi,
350 1662 507 1724 hominum
521 1662 698 1727 nominibus
713 1681 820 1725 errore
835 1661 967 1725 confusis
982 1660 1097 1723 iactum
1115 1676 1173 1736 est,
1190 1675 1224 1726 ut

131 1760 352 1823 celeberrimus
368 1763 531 1824 severitate
551 1764 587 1823 L.
605 1761 728 1825 Cassius
741 1781 798 1844 pro
817 1773 996 1826 accusatore
1017 1762 1221 1844 acciperetur.

132 1855 260 1928 Rectius
275 1857 382 1938 Pigbio
399 1861 436 1920 de
451 1859 510 1921 boc
530 1859 599 1922 loco
614 1859 768 1922 existimat
786 1861 960 1941 Glaudorp.
976 1856 1090 1920 Onom.
1114 1878 1145 1938 p.
1171 1858 1224 1920 tt.

131 1958 213 2018 Laus
226 1957 342 2018 AEmilii
353 1957 503 2031 oratoria,
516 1969 550 2018 ut
563 1957 703 2030 indubia,
727 1958 771 2019 ita
790 1955 883 2019 nullis
897 1958 994 2019 ferme
1007 1956 1225 2026 monumentis,

131 2077 191 2120 neo
204 2056 280 2131 lere,
296 2070 503 2138 preterquam
515 2057 687 2131 Ciceronis,
703 2058 821 2120 munita
834 2057 1010 2120 testimonio
1019 2071 1076 2119 est.
1088 2057 1147 2118 llic
1157 2075 1230 2118 sane

130 2152 296 2216 honorifici
310 2155 357 2216 sui
373 2153 482 2235 judicii
497 2168 590 2218 testes
603 2167 725 2218 exstare
740 2156 816 2218 dicit
825 2156 979 2218 orationes
996 2156 1096 2241 (Brut.
1109 2173 1138 2216 c.
1155 2155 1226 2229 25),

132 2253 187 2312 sed
201 2250 281 2314 idem
293 2253 436 2316 Deerat.
459 2255 487 2326 1,
514 2252 564 2324 10,
585 2252 639 2327 to,
659 2272 768 2334 parum
786 2253 919 2322 aliteris
931 2255 1117 2316 instructum
1133 2247 1225 2312 luisse

131 2349 322 2432 pronuntiat.
362 2352 474 2428 Magna
507 2362 612 2412 tamen
641 2364 712 2412 sunt
728 2399 736 2427 ,
775 2370 841 2432 quae
867 2350 901 2412 in
931 2351 1019 2412 Bruti
1051 2351 1119 2412 loco
1149 2367 1225 2431 prm·

130 2447 300 2512 dicanturt
321 2449 482 2512 lenitatem
510 2447 544 2510 in
569 2467 606 2512 eo
629 2451 809 2514 Graecorum
835 2448 1035 2533 apparuisse,
1060 2449 1228 2513 vorborum

131 2548 437 2628 comprehensionem
456 2557 489 2607 et
505 2545 609 2608 stilum
620 2548 705 2625 quasi
719 2545 870 2609 artificem
884 2568 893 2621 ς
915 2566 981 2627 qum
996 2546 1153 2626 ingenium
1164 2567 1227 2609 non

130 2643 209 2706 satis
230 2643 352 2724 quidem
366 2645 492 2717 cultum,
522 2645 575 2704 sed
595 2644 675 2706 baud
692 2642 900 2724 spernendum
919 2642 1070 2704 indicant.
1095 2645 1226 2716 Rhetor,
1338 2681 1359 2701 .·

36 2773 41 2784 ·
134 2735 188 2818 qui
212 2740 261 2802 Ad
286 2737 479 2802 Herennium
508 2739 642 2822 scripsit,
668 2740 769 2816 LIV,
795 2741 831 2811 5,
857 2738 940 2802 bunc
964 2757 1033 2800 cum
1057 2738 1225 2820 Scipione,

133 2838 248 2912 Galba,
273 2838 395 2912 Crasso,
413 2837 493 2910 aliis,
510 2838 542 2900 in
566 2836 713 2920 exemplis
736 2836 919 2920 eloquentie
937 2837 1064 2919 ponit...
1093 2833 1145 2922 [V.
1183 2838 1225 2900 lr.

155 2939 220 2999 ‚10
291 2937 313 3002 ‚l

128 2960 151 3021 p
178 2941 239 3102 all
251 2959 362 3105 ⁸gelbo
379 3054 564 3106 memoratos
584 3041 777 3104 absolvamus
791 3042 827 3100 L.
849 3053 882 3103 et
897 3039 952 3120 Sp.
969 3043 1155 3104 Mummium
1181 3033 1229 3126 [in

1 3203 4 3209 ,
134 3140 174 3202 ir.
192 3160 224 3221 p.
250 3135 340 3226 108],
369 3140 421 3219 Sp.
439 3139 585 3204 Albinum
603 3132 726 3227 [ibid.],
754 3139 787 3199 C.
816 3139 1011 3210 Tuditanum,
1040 3138 1129 3210 alios,
1153 3157 1229 3216 quos

136 3236 245 3300 Cicero
256 3238 290 3298 in
300 3239 396 3300 Bruto
410 3255 499 3320 capp.
511 3235 628 3312 tato,
640 3236 782 3316 collegit,
799 3255 869 3300 cum
879 3255 943 3298 non
953 3236 1151 3306 situostrum,
1166 3234 1227 3296 col·

134 3335 231 3414 ligere
242 3355 359 3410 omnes,
383 3335 435 3416 qui
455 3335 612 3415 aliquanto
627 3347 746 3398 stantes
765 3334 870 3398 dicere
884 3334 950 3394 ausi
967 3344 1057 3408 sunt,
1080 3343 1116 3392 ut
1128 3330 1248 3413 lepido¹

136 3436 259 3498 Atticus
271 3436 303 3498 in
316 3439 405 3500 Brut.
419 3457 448 3499 o.
468 3437 523 3511 li,
547 3438 601 3498 sed
614 3437 799 3499 disertorum
813 3446 980 3517 proventus
992 3451 1158 3516 exponere.
1176 3431 1232 3492 Se·

136 3536 242 3618 quitur
254 3536 348 3615 igitur
368 3535 404 3596 C.
426 3535 572 3614 Papirius
589 3537 625 3596 C.
645 3537 685 3596 F.
712 3535 825 3610 Carbo,
845 3533 1104 3619 patreproetorio,
1117 3531 1144 3590 si
1157 3549 1232 3592 vera

137 3647 184 3696 est
198 3632 301 3712 Pighii
310 3632 502 3714 conjectura,
514 3634 653 3694 cumdem
667 3653 745 3707 esse,
759 3634 811 3714 qui
822 3652 851 3693 a.
868 3633 928 3694 585
943 3643 1059 3714 praetor
1072 3628 1229 3708 apudLiv.

138 3732 250 3808 XLIV,
272 3731 308 3791 17
323 3776 332 3804 ,
354 3729 480 3793 dicitur.
497 3729 588 3793 Hunc
601 3744 706 3792 tamen
720 3749 872 3794 annorum
886 3729 968 3792 ratio
981 3746 1043 3809 pro.
1056 3743 1114 3787 aro
1131 3725 1233 3807 potius

138 3827 241 3912 accipi
252 3828 355 3910 jubet.
372 3828 468 3892 Multa
478 3841 548 3912 post
561 3831 645 3893 bunc
660 3828 837 3892 Carbonum
846 3827 1085 3906 memoriaque
1100 3837 1172 3887 ante
1186 3836 1232 3887 te«

137 3934 207 3996 nuis
225 3944 278 3993 aut
297 3932 392 3994 nulla.
418 3932 515 3994 Locus
536 3928 715 4014 principalis
729 3929 888 3994 Ciceronis
909 3943 956 3993 est
967 3928 1067 4010 Epist.
1087 3927 1125 3988 ad
1145 3925 1229 3985 diva.

137 4032 193 4103 lX,
211 4030 262 4092 21.
279 4031 342 4119 Qui
354 4042 455 4095 tamen
470 4049 539 4092 cum
552 4029 758 4092 subobscurus
775 4029 827 4102 sit,
844 4027 934 4090 vario
945 4026 1110 4088 turbarunt
1117 4019 1231 4081 Glande

137 4129 173 4192 in
185 4127 311 4200 Onam,
333 4140 396 4190 tum
414 4128 447 4190 in
462 4141 554 4207 gente
565 4127 701 4211 Papiria,
726 4139 790 4187 tum
802 4124 835 4186 in
849 4135 1018 4195 stemmate,
1042 4118 1122 4198 quod
1135 4121 1234 4197 exstat
1303 4119 1306 4128 '
