2904 4840
624 377 666 446 dl

98 524 242 594 excerpta
267 510 402 575 confecit
418 507 621 594 (Plutarchus
637 511 702 576 vit.
727 533 755 574 c.
773 510 823 598 l).
854 511 1013 574 Praeterea
1025 512 1086 596 jus·
1097 515 1200 595 ponti-

97 609 200 674 ficium
216 633 234 674 a
246 613 315 676 Ser.
329 609 466 694 Sulpicio
481 612 687 700 didicitffic.
700 615 788 676 Brut.
805 634 834 675 c.
850 609 909 706 58)
920 624 952 674 et
966 610 1153 695 philosophis
1162 636 1199 676 ea

1 749 2 784 ;
95 722 185 772 aetate
209 707 388 772 clarissimis
402 708 546 786 vacarit,
569 712 605 773 in
619 707 728 794 primis
740 707 938 773 Academicis
952 705 1018 791 (ib.
1032 729 1061 772 c.
1077 708 1129 783 31,
1143 709 1195 786 to,

23 819 26 826 '
95 807 154 892 97)
169 819 202 868 et
213 807 330 880 Aristo,
346 827 436 887 quem
447 809 592 870 heredem
603 805 776 871 Academiae
788 806 900 872 Cicero
909 819 1014 870 vocat.
1040 805 1201 868 APlutar-

94 910 152 970 cho
166 929 229 972 non
240 910 361 971 Aristus
370 911 425 972 scd
436 910 541 972 Aristo
556 907 584 972 is
596 911 711 974 dicitur
721 911 755 971 in
769 907 843 972 Vita
856 929 886 971 c.
905 909 937 986 2,
951 907 1201 989 quiAutiochum

1 1056 2 1082 ,
93 1021 249 1091 praetcrea
266 1010 477 1072 Ascalonitam
489 1023 521 1070 et
534 1010 775 1070 Theomnastum
796 1007 1008 1083 Academicos,
1028 1023 1061 1071 et
1075 1007 1201 1091 Cratip-

1 1103 2 1146 ἶ
91 1131 166 1191 pum
181 1111 424 1192 Peripateticum
436 1108 568 1170 Athenis
579 1108 617 1170 ab
638 1128 674 1171 eo
691 1107 809 1172 auditos
823 1106 921 1171 tradit
934 1105 1060 1192 (ibidem
1078 1131 1107 1171 c.
1131 1108 1198 1194 24).

92 1211 130 1271 ln
146 1206 286 1271 oratoria
296 1219 365 1269 arte
379 1228 398 1269 a
412 1209 589 1283 Pammene,
607 1207 673 1289 ejus
686 1209 787 1270 aetatis
801 1209 836 1268 in
848 1209 973 1273 Graecia
988 1208 1203 1284 disertissimo,

91 1307 236 1367 eruditus
249 1301 366 1364 dicitur
395 1301 480 1384 (Cic.
501 1306 589 1365 Brut.
609 1325 639 1366 c.
669 1306 734 1391 st).
762 1305 874 1368 Latine
889 1305 986 1386 igitur
1015 1307 1202 1368 declamasse

92 1423 161 1466 non
185 1402 317 1473 ridetur,
347 1396 463 1462 veteris
487 1398 719 1463 consuetudinis
742 1414 848 1477 tenax,
872 1421 931 1464 nec
946 1399 1020 1463 inde
1039 1400 1206 1465 Ciceronis

8 1549 12 1556 .
91 1503 196 1566 instar
209 1498 349 1568 floridius
366 1502 553 1582 eloquentiae
565 1522 662 1590 genus
681 1515 877 1565 consectatus
896 1515 954 1580 est,
972 1504 1084 1585 prisca
1097 1500 1207 1566 sicem·

95 1619 155 1680 qne
177 1596 306 1660 sanitati
327 1589 660 1662 veterurnAtticorum
685 1600 888 1663 adsuefactus.
911 1602 952 1661 Et
965 1601 1024 1661 hoc
1040 1612 1098 1675 est,
1120 1601 1203 1681 quod

7 1727 9 1732 ·
94 1698 205 1759 Cicero
222 1696 320 1776 etqui
343 1695 410 1777 ejus
424 1715 543 1759 morem
554 1697 684 1760 fortasse
704 1699 802 1760 secuti
822 1709 907 1771 sunt,
927 1697 961 1758 iu
979 1698 1077 1758 Rruto
1097 1718 1202 1780 repre-

94 1794 247 1854 hendunt.
265 1793 324 1854 llle
339 1787 464 1872 quidem
477 1793 585 1873 saepius
597 1791 763 1872 significat,
781 1793 863 1856 aliud
875 1793 999 1854 dicendi
1012 1811 1108 1872 genus
1122 1791 1199 1869 sibi,

44 1922 48 1929 ·
95 1889 180 1950 aliud
195 1892 293 1951 Bruto
310 1890 506 1971 probandum
521 1889 621 1952 rideri
636 1885 743 1972 (Orat.
760 1909 790 1950 c.
808 1890 860 1962 ll,
877 1892 957 1971 Epp.
973 1890 1011 1949 ad
1033 1887 1209 1962 nrt.x1v„

94 1985 152 2064 203
175 1987 243 2062 XV,
273 1987 312 2046 l:
333 1986 415 2049 conf.
441 1986 538 2050 Wolf.
566 1988 606 2048 ad
633 1987 773 2049 Marcell.
797 1987 884 2070 praef.
906 2007 937 2069 p.
953 1987 1088 2072 xvtlt).
1111 1989 1203 2070 Quod

96 2084 188 2164 quale
201 2083 307 2157 fuerit,¹
331 2103 349 2146 e
368 2083 618 2167 Quintiliano-X,
643 2086 674 2160 1,
696 2085 767 2160 123,
783 2081 1015 2164 intelligi-licet.
1030 2081 1091 2146 llic
1103 2085 1203 2166 magis

94 2183 310 2265 philosophum
326 2202 417 2263 quam
431 2169 590 2244 oratorem,
602 2182 733 2265 judicat,
750 2183 827 2244 etin
839 2183 902 2246 itta
915 2201 1033 2262 genere
1047 2198 1202 2265 prestan-

93 2285 245 2346 tissimum
268 2296 439 2360 auctorem,
459 2287 540 2364 quod
562 2304 624 2346 non
642 2297 771 2347 tantum·
787 2297 877 2347 recta
901 2285 1074 2368 scripserit,
1091 2286 1145 2348 sed
1157 2288 1208 2350 ita

92 2383 268 2468 scripserit,
284 2401 319 2449 ut
331 2384 429 2469 ipsum
442 2389 579 2448 animum
590 2399 819 2469 praeceptorum
826 2386 952 2467 plenum
963 2387 1116 2448 ostendat.
1126 2389 1202 2466 Quae

93 2481 232 2566 Quintil.
247 2486 306 2561 lll,
325 2486 355 2560 6,
369 2484 421 2559 93,
436 2484 541 2558 habet,
560 2484 684 2544 nonhue
695 2483 867 2564 pertinent.
881 2481 1043 2545 Consentit
1054 2502 1124 2544 curn
1140 2483 1203 2546 illis

92 2593 205 2644 auctor
213 2582 296 2643 Dial.
307 2587 345 2644 de
359 2594 453 2644 oratt.
470 2603 501 2644 c.
519 2582 571 2656 ts,
588 2581 625 2643 21
647 2580 720 2663 (ubi
731 2577 910 2642 orationum
923 2580 990 2660 ejus
1009 2576 1201 2642 debilitatem

93 2683 286 2760 gravitaret
305 2682 410 2768 inique
431 2686 605 2746 insectatur
625 2683 742 2768 Aper),
770 2681 843 2744 coll.
861 2681 921 2756 263
945 2682 1027 2742 tarde
1042 2678 1132 2740 simul
1154 2678 1203 2741 di-

92 2784 207 2846 scimus
230 2787 360 2849 Brutum
378 2783 530 2852 Ciceroni·
548 2783 732 2847 discinctum
760 2779 868 2870 [immo
889 2778 1085 2864 disJ'unctcm,
1108 2791 1201 2851 dcccm-

70 2867 74 2885 ’
94 2875 174 2968 κάτα]
192 2893 224 2942 et
237 2883 380 2956 otiosum,
397 2875 583 2947 Ciceronem
603 2883 701 2944 Bruto
715 2881 849 2943 fractum
862 2894 896 2943 et
914 2879 1068 2942 elumbem
1088 2877 1201 2954 visum,

94 2976 189 3059 idque
197 2978 347 3060 judicium
369 2981 472 3042 literis
490 2993 595 3042 mutuo
615 2982 700 3042 adse
720 2976 802 3040 datis
817 2977 919 3061 palam
935 2978 1051 3040 tulisse.
1068 2979 1108 3040 Et
1123 2981 1206 3060 quod·

94 3077 212 3141 Seneca
231 3078 382 3142 Contror.
397 3086 436 3156 V,
457 3081 486 3156 l,
509 3103 541 3164 p.
560 3079 633 3154 328,
650 3080 858 3163 eloquentiam
879 3077 1204 3160 ejussacratissimatn

95 3175 184 3254 dicit,
212 3179 272 3239 boc
286 3179 384 3258 magis
398 3179 437 3243 ad
456 3199 559 3242 utores
577 3178 800 3240 humanissima
821 3173 988 3239 severitate
1002 3186 1201 3260 temperatos,

96 3285 227 3355 quorum
242 3278 347 3359 imago
363 3279 397 3340 in
423 3278 616 3354 orationibus
639 3298 784 3361 expressa
806 3289 886 3347 erat,
910 3292 1050 3359 spectare
1075 3280 1203 3340 creden·

96 3376 169 3436 dnm
181 3390 239 3438 est.
254 3379 321 3442 lloc
332 3379 567 3460 gennsdicendi
578 3379 731 3461 inprimis
745 3398 783 3440 ex
792 3372 930 3461 Epistola
940 3379 1075 3462 perspici
1090 3390 1202 3460 potest,

96 3497 162 3558 quoe
183 3478 299 3558 legitur
323 3483 408 3542 inter
428 3479 648 3544 Ciceronianas
670 3482 708 3541 ad
729 3480 868 3542 diversos
889 3477 947 3555 Xl,
966 3481 1001 3552 3,
1019 3492 1053 3541 et
1065 3475 1203 3541 Antonio

94 3577 247 3662 inscripta
260 3594 317 3643 est.
334 3585 404 3644 Non
417 3580 664 3666 praetores(uam
677 3580 771 3642 etiam
782 3580 879 3643 Cassii
889 3582 1015 3642 nomine
1024 3579 1206 3659 scribitur),

95 3672 181 3737 viros
194 3676 407 3760 amplissimos,
425 3682 464 3741 ad
478 3680 636 3741 consulem
654 3677 836 3759 reipublicae
858 3678 1081 3759 perniciosum,
1106 3692 1136 3740 et
1155 3677 1202 3740 in·

95 3791 189 3854 super
201 3774 241 3836 ab
253 3795 290 3836 co
303 3775 401 3850 tasas,
417 3778 558 3840 scribere
578 3778 674 3851 dicas,
691 3776 746 3836 sed
760 3774 972 3857 philosophum
982 3773 1112 3839 inimico
1122 3775 1203 3858 inju-

95 3874 159 3936 rias
172 3896 244 3939 suas
254 3877 412 3940 lenissime
429 3879 681 3959 exprobrantem.
695 3877 775 3960 Quae
784 3895 878 3938 causa
897 3889 954 3951 cst,
968 3889 1003 3936 nt
1012 3879 1123 3951 Bruto,
1140 3896 1203 3938 non

95 3975 218 4051 Caesio,
242 3979 339 4043 multo
360 3977 598 4054 vehementiori,
626 3980 786 4062 epistolam
815 3977 1035 4042 adscribamus.
1064 3981 1199 4050 Addam,

1 4153 2 4156 Ἴ
95 4077 170 4158 quia
180 4079 315 4158 pertinet
330 4081 369 4142 ad
384 4099 434 4142 res
449 4082 613 4157 oratorias,
629 4081 759 4143 subinde
766 4099 874 4143 versus
885 4083 981 4143 Bruto
992 4077 1153 4154 excidisse,
1169 4087 1203 4136 ut

95 4173 210 4237 Crasso
224 4174 408 4239 etCiceroni
419 4189 451 4238 et
463 4174 587 4250 Asini03
603 4179 684 4256 quod
693 4176 826 4257 Quintil.
842 4175 1042 4250 ostendith,
1059 4176 1089 4250 f,
1106 4174 1158 4236 76.
1193 4205 1194 4208 ¹
