2904 4838
611 359 672 429 181

27 549 33 554 .
101 498 654 573 monimislaudt'bus,tantrtmnavium
664 501 844 571 exercitum,
854 503 966 554 tantum
975 515 1187 570 commeatum,
1235 481 1237 490 ‚

97 619 154 658 uon
175 603 330 678 opinatum
349 619 417 659 osse
436 619 618 684 qztenzquam
640 598 792 658 homiaem
814 602 992 657 maturrime
1013 619 1190 676 cornparare

95 703 237 774 patrasse.
254 699 359 762 ldemt
377 697 456 758 Tam
471 701 653 758 maturrime
668 701 902 776 comparavisse.

129 829 257 882 Laudant
267 833 316 895 me]
329 829 494 884 referendum
506 843 547 884 est
558 831 589 882 ad
602 831 639 894 id,
653 831 723 901 quod
734 831 868 884 celerrime
880 829 991 882 classem
1004 841 1031 882 at
1045 829 1190 881 exercitum

163 925 308 984 paraverat,
318 913 350 966 ed
358 913 576 985 proficiscendum
589 913 617 966 in
627 915 790 984 Hispaniam,
801 925 832 966 ut
845 932 860 964 a
871 913 943 965 Livio
952 931 1057 984 quoque
1068 911 1189 964 traditur.

140 1036 261 1100 Charis.
275 1039 318 1110 ll,
338 1059 370 1120 p.
387 1039 464 1100 185:
479 1039 521 1099 M.
535 1038 613 1100 Cato
631 1039 661 1098 tl.
676 1040 708 1098 il.
720 1039 749 1098 d.
765 1059 793 1099 c.
806 1058 878 1098 suo:
902 1039 1017 1096 Deinde
1031 1053 1192 1122 postquam

100 1135 275 1196 Massiliam
287 1141 495 1214 praeterimus,
517 1137 587 1196 inde
607 1157 729 1196 omnem
743 1137 872 1196 classem
893 1151 994 1196 auster
1012 1137 1090 1196 lenis
1100 1141 1192 1216 fert,-

2 1261 3 1324 ζ
99 1254 188 1294 mare
209 1235 287 1295 velt‘s
296 1231 417 1316 florere
439 1237 574 1304 uideres,
598 1235 676 1294 ultra
697 1233 839 1314 angulum
859 1234 1031 1294 Gallicum.-
1051 1236 1094 1292 ad
1109 1235 1193 1292 illurn
1219 1251 1236 1319 7
1242 1247 1262 1317 5

2 1331 3 1356 ³
98 1335 181 1388 enim
204 1345 293 1415 atque
313 1331 516 1392 liusct‘nomen¹
539 1331 728 1413 defierimttr5
753 1331 824 1390 iude
849 1345 936 1392 nocte
959 1329 1035 1390 aura
1059 1331 1193 1411 prostrati

99 1447 215 1487 sumus.

131 1561 293 1631 Massiliam]
303 1582 423 1636 compare
433 1563 520 1618 locum
530 1563 608 1628 Livii,
618 1583 696 1636 quem
705 1583 785 1636 supra
793 1567 916 1638 apposui.

129 1695 255 1766 angulum
266 1695 409 1760 Gallicum]
420 1693 511 1746 Livius
520 1699 606 1748 sinum
617 1695 748 1748 Gallicum
757 1694 882 1765 appellat.

135 1804 316 1869 Rutoirtonem]
331 1803 469 1857 Ruecinon
484 1805 591 1870 fluvius,
605 1807 651 1876 qui
670 1802 699 1859 in
712 1805 847 1858 Gallicum
864 1824 933 1857 mare
951 1823 1031 1876 oquae
1044 1806 1142 1858 fundit.
1161 1809 1192 1858 In

57 1944 59 1950 ¹
169 1887 301 1940 Mennerti
313 1905 418 1958 quoque
434 1887 524 1942 tabule
535 1888 721 1960 geographica,
735 1889 887 1961 Hispaniam
911 1887 1078 1951 continente,
1096 1909 1194 1942 nomen

170 1973 209 2025 siu
220 1973 329 2046 legitur.

140 2097 262 2160 Charis.
276 2099 317 2170 11,
334 2117 367 2180 p.
381 2098 459 2161 186:
474 2100 515 2160 Μ.
530 2099 607 2163 Cato
622 2101 654 2160 d.
667 2101 697 2160 sl.
711 2101 743 2162 sl.
759 2122 788 2164 c.
801 2120 875 2163 suo:
889 2099 957 2162 Eas
971 2121 1088 2160 resnou
1101 2120 1195 2178 posse

46 2208 49 2219 ·
100 2199 249 2266 stutoiert,
259 2199 321 2256 taisi
330 2215 367 2256 eo
373 2197 526 2275 prasidio
538 2217 651 2278 magna
656 2198 947 2284 frumemuraque...
960 2219 1034 2260 nam
1043 2202 1085 2260 ita
1093 2200 1194 2260 dtitttm

98 2297 336 2375 palamneoesse
343 2314 414 2359 esse
423 2298 571 2361 obturata.

124 2435 350 2508 frumentumque]
364 2435 543 2508 supplendum
557 2441 682 2490 mittatur.
702 2439 804 2489 Auson-
821 2438 917 2508 Popma
930 2439 1023 2492 beced
1038 2439 1192 2513 legationem

167 2519 311 2590 Ilergetum
317 2519 632 2592 refert‚quiedssetonem
640 2518 776 2572 consulem
785 2521 1192 2591 miserunt‚querentee,eaetella

168 2621 217 2654 sue
228 2605 384 2674 oppugnari,
395 2623 443 2658 nen
453 2623 528 2680 npetu
538 2603 622 2662 uilem
634 2621 693 2659 este
705 2603 857 2667 resistendi,
867 2604 921 2656 uisi
928 2605 1050 2674 presidio
1057 2605 1193 2667 Ronmnus

169 2688 342 2752 miletenae,
358 2703 389 2744 ut
401 2691 492 2744 Livius
503 2691 596 2746 scribit
609 2690 733 2753 XXXIV,
747 2692 788 2745 11.
806 2689 894 2756 [conf.
911 2689 1031 2743 Frontin.
1048 2691 1127 2742 Strot.
1144 2693 1192 2755 lV,

174 2778 201 2840 i,
212 2777 256 2828 31.
267 2777 358 2844 Bata]

136 2904 209 2996 'Huc
227 2899 366 2985 pertinet
386 2902 593 2984 fragmentum
611 2904 752 2978 Catonis,
773 2905 853 2986 quod
873 2903 978 2966 Livius
1000 2906 1032 2969 in
1054 2917 1193 2966 extrema

100 2998 188 3083 hujus
201 3020 312 3084 pagata
327 3000 653 3100 narrationepaddidit,
674 3005 818 3076 XXXIV,
841 3005 896 3068 ts:
919 3005 993 3064 Cato
1015 3009 1092 3083 ipse,
1116 3001 1196 3064 haud

100 3119 171 3158 sane
183 3098 365 3160 obtrectator
379 3099 500 3158 laudum
511 3121 645 3177 suarum,
658 3101 767 3160 multos
778 3121 876 3161 casos
886 3104 928 3160 ait
933 3129 948 3181 ‚·
959 3119 1118 3160 numerum
1134 3120 1194 3161 non

100 3195 255 3256 mariba.
294 3221 298 3230 ·
743 3204 758 3220 “’
1146 3241 1151 3246 .

141 3273 261 3357 Charis.
268 3295 315 3371 Μ,
328 3313 359 3376 p.
375 3291 433 3355 tet
443 3313 451 3354 s
462 3293 505 3356 Μ.
517 3293 595 3357 Cato
604 3291 725 3358 dierum
735 3293 889 3356 dictarum
900 3293 938 3354 de
948 3294 1108 3356 coiisuletu
1119 3311 1191 3354 suo:

101 3391 185 3454 Mttt
197 3410 284 3481 atque
295 3394 389 3456 classi
401 3393 520 3458 obviarn
523 3393 617 3477 fiunt
653 3451 655 3454 .
922 3391 924 3398 ’

121 3533 209 3608 flant]
221 3531 309 3586 intell.
318 3534 420 3588 hostes.

140 3639 263 3714 Charis.
274 3652 319 3727 11,
331 3672 364 3735 p.
377 3652 456 3718 190:
472 3653 515 3739 M.
528 3618 607 3724 Cito
626 3653 657 3712 d.
677 3651 707 3712 d.
726 3653 757 3712 d.
769 3671 885 3716 saeuo:
902 3650 979 3714 Inde
990 3667 1196 3727 pergoporto

100 3753 144 3808 ira
157 3753 190 3807 in
203 3745 341 3814 Turtam.
363 3751 450 3814 Idem
462 3767 572 3830 supra:
588 3749 699 3834 Itaque
706 3767 802 3826 porro
822 3752 855 3822 in
875 3743 1003 3808 Turtam
1018 3745 1199 3826 proficiscor·

100 3862 249 3908 servatum
263 3846 343 3908 illos.
368 3849 407 3912 ln
420 3849 546 3914 eodemz
563 3847 621 3908 Me
637 3847 803 3911 sollicitum.
818 3861 906 3932 atque
924 3848 1094 3908 exercitum
1115 3843 1196 3904 liabi-

98 3963 160 4006 tum
173 3968 241 4010 esse
254 3964 344 4034 atque
356 3949 542 4030 ponufhte.
559 3951 598 4012 ln
613 3950 720 4015 eodem
730 3970 738 4010 t
750 3949 834 4010 Eam
849 3969 905 4027 ego
918 3952 1005 4008 uiam
1013 3948 1196 4026 pedetentim

98 4043 260 4109 tentabam.
806 4055 809 4062 '

133 4186 159 4234 in
171 4180 292 4249 rarum]
304 4184 376 4240 Dixit
387 4183 495 4240 Turtam
510 4201 557 4254 pro
568 4183 738 4244 Turdetania.
751 4181 880 4251 siquidem
889 4181 1033 4242 Tradeteai
1042 4175 1156 4232 turduli
1170 4187 1197 4228 et
