2954 4840
208 522 265 557 rom
273 506 330 576 ejas
343 504 467 564 maritet,
481 502 618 558 Carsidius
630 501 756 554 Sacerdos
766 499 907 571 proelortits
917 503 948 551 ul
961 496 1109 550 interulam
1118 497 1238 570 deporto-

213 597 297 654 retur,
318 591 431 643 Pontius
452 589 624 662 Fregellanus
642 587 772 641 amitteret
789 584 900 639 ordinent
917 582 1090 644 senatorium,
1108 589 1136 636 el
1151 584 1243 638 eodem

204 691 288 742 poenae
307 679 335 726 in
354 673 463 726 toltum
479 673 588 725 Balbum
606 673 793 733 decernentem
811 669 841 721 id
855 668 957 742 porilem
972 687 990 720 a
1007 665 1164 732 lalanlilus,
1182 667 1244 740 qula

118 759 123 771 '
209 757 307 814 Bellus
319 759 391 813 lrnor‘
395 759 544 831 eloquentia
552 757 702 818 labebatur,
708 763 848 829 promptus
858 753 993 810 adversum
1003 755 1123 808 insontes.

175 847 309 900 ldaccidit
322 865 345 900 a.
358 849 390 900 U.
409 849 470 911 l89,
485 847 514 901 li
531 847 558 916 p.
573 846 639 898 Chr.

447 1065 507 1138 CI.
538 1065 579 1138 L.
610 1067 773 1138 Annaeus
798 1063 941 1136 Seneca.

182 1299 297 1372 Conciti
312 1297 373 1361 luit
387 1295 532 1362 suffectus
545 1318 574 1360 a.
594 1299 633 1366 U·
651 1297 725 1364 814.

181 1395 313 1480 Quintil.
330 1399 369 1473 X,
391 1383 429 1475 'l,
454 1397 512 1460 125
534 1399 606 1460 :Ex
620 1394 774 1460 industria
789 1396 939 1463 &necant
960 1390 995 1458 in
1018 1393 1105 1458 omni
1129 1413 1244 1473 genere

138 1501 322 1582 eloquentia
336 1497 442 1564 diemli
456 1513 583 1583 propter
592 1499 749 1580 rogatam
758 1499 835 1562 laiso
850 1498 888 1562 de
902 1515 952 1566 nae
967 1497 1156 1582 opinionem,
1171 1498 1245 1579 quia

139 1603 288 1666 damnare
303 1622 373 1664 eum
383 1614 415 1663 et
424 1602 558 1665 invieurn
574 1621 694 1689 quoque
709 1601 826 1665 habere
838 1621 906 1664 snm
921 1602 1069 1665 creditne.
1086 1599 1178 1683 Quod
1192 1617 1243 1660 ac-

140 1700 220 1766 cidit
245 1700 333 1776 mibi,
357 1704 430 1764 dum
458 1715 640 1784 corruptum
654 1715 687 1764 et
700 1701 846 1766 omnibus
859 1701 944 1765 vitiis
962 1702 1097 1766 fractum
1123 1700 1247 1764 dicendi

138 1819 235 1880 genus
249 1819 400 1862 revocare
419 1800 459 1861 ad
470 1799 631 1864 severiora
639 1796 760 1880 judicia
774 1800 941 1864 contendo.
957 1801 1036 1864 Turn
1049 1810 1151 1862 numm
1166 1799 1247 1862 solue

140 1895 193 1958 hic
205 1896 271 1958 iere
285 1892 318 1958 in
340 1896 483 1963 mannus
495 1895 739 1962 adolescentium
748 1893 818 1959 init.
835 1897 938 1980 Quem
952 1915 1015 1960 non
1025 1895 1169 1981 equidem
1182 1913 1245 1958 om·

140 1993 217 2060 nino
240 1997 380 2062 conabar
401 2011 559 2073 excutere,
586 2001 640 2062 aad
653 1994 830 2081 potioribus
849 1995 991 2080 preferri
1013 1995 1243 2066 continebam.

140 2117 216 2179 quoe
239 2099 293 2160 ilie
315 2117 381 2164 non
410 2099 573 2162 destiterat
591 2100 760 2174 incessero,
784 2095 996 2175 candirecti
1019 2097 1080 2162 eibi
1096 2095 1245 2160 'momine
1271 2084 1341 2161 237

138 2198 276 2278 generis,
301 2199 426 2278 placere
440 2199 515 2264 sein
526 2198 658 2262 dicendo
671 2219 771 2282 posce,
789 2198 900 2280 quibus
915 2198 961 2262 iili
978 2198 1151 2281 placerent,
1166 2193 1242 2258 diiii·

140 2296 240 2367 deret.
258 2296 414 2360 Amabant
428 2309 530 2360 autem
552 2317 622 2360 eum
643 2297 742 2376 magia
762 2315 853 2374 ouem
872 2293 1089 2370 imitabantur,
1108 2306 1243 2356 tantum·

138 2411 199 2474 que
216 2393 254 2456 ab
268 2415 305 2458 eo
320 2393 507 2468 defluebant,
523 2407 671 2475 quantum
684 2393 736 2454 ifle
748 2395 787 2454 ab
804 2391 940 2474 antiquie
955 2394 1170 2456 descenderat.
1183 2393 1245 2456 Sed

140 2494 284 2576 placebat
305 2506 436 2576 propter
453 2494 518 2558 coia
531 2489 622 2568 titia,
638 2504 670 2556 et
683 2494 722 2556 ad
737 2513 773 2557 ea
790 2513 825 2556 ee
841 2492 968 2574 quisquc
988 2492 1143 2572 dirigebat
1155 2491 1242 2554 effin-

134 2593 256 2670 genda,
266 2610 332 2673 que
345 2604 488 2673 poterat;
502 2591 614 2656 deinde
625 2611 695 2654 cum
708 2611 742 2656 ee
750 2594 886 2672 jactaret
900 2592 1009 2660 eodem
1023 2591 1115 2654 modo
1126 2591 1244 2659 dicere,

138 2687 291 2752 Senecam
305 2688 488 2751 infamabat.
515 2687 612 2770 eujus
625 2701 657 2750 et
670 2688 773 2752 multe
789 2687 905 2769 alioqui
920 2701 953 2750 et
972 2706 1092 2767 maguoe
1113 2687 1245 2749 virtutes

140 2791 275 2864 luerunt,
294 2788 454 2869 ingenium
471 2787 561 2856 tacite
581 2802 613 2856 et
630 2789 803 2872 copinam,
824 2788 991 2872 plurinum
1012 2789 1125 2864 stadii,
1147 2787 1245 2850 multa

140 2907 247 2950 rerutn
262 2886 397 2966 cognitio
415 2908 423 2948 τ
444 2888 478 2950 in
501 2908 560 2970 qua
575 2899 680 2952 tamen
695 2885 859 2970 aliqunfflo
873 2887 912 2952 ab
926 2887 987 2963 hie,
1010 2885 1120 2968 quibus
1143 2885 1244 2967 inqui·

139 2988 240 3048 reuda
255 2988 392 3066 quedam
408 2989 585 3062 mandabat,
609 2989 755 3071 decepture
768 3000 870 3052 eet...
886 2983 1049 3052 Tractavit
1065 2986 1160 3050 etiam
1181 3006 1243 3048 om·

138 3107 211 3150 nem
227 3086 294 3152 iere
305 3088 478 3154 studiorum
494 3091 671 3158 materiam.
687 3091 767 3154 Nam
777 3102 808 3152 ct
822 3090 1045 3172 oratiorresejue
1056 3101 1088 3152 et
1102 3102 1245 3172 poemata

140 3197 173 3248 et
185 3184 320 3268 epistolae
329 3197 361 3246 ct
376 3183 489 3266 dialogi
500 3186 697 3248 feruntur...
714 3188 751 3248 in
770 3182 965 3270 philosophia
978 3206 1088 3270 parum
1099 3185 1241 3264 diligent,

56 3375 58 3378 Ι
140 3287 283 3368 egregiae
297 3299 400 3352 tamen
422 3287 591 3350 insectator
605 3285 754 3352 vitiorum
768 3284 838 3349 luit.
854 3287 959 3350 Multa
975 3283 1009 3351 in
1032 3306 1069 3354 eo
1091 3286 1243 3366 clareque

141 3381 315 3460 mumanae,
329 3385 425 3448 multa
441 3381 536 3448 etiam
548 3405 667 3448 morum
682 3385 785 3466 gratia
799 3385 943 3465 legenda,
959 3386 1013 3452 ced
1023 3381 1058 3446 in
1073 3385 1242 3466 eloquendo

139 3495 288 3565 corrupta
299 3483 458 3567 pleraque,
474 3495 608 3566 atqueeo
622 3483 897 3568 perniciosissima,
911 3486 991 3567 quod
1005 3483 1169 3546 abundant
1179 3482 1243 3543 dul·

140 3581 230 3650 cibus
254 3582 352 3648 vitiis.
380 3587 482 3650 Valles
502 3606 571 3650 autu
595 3607 649 3652 nuo
673 3583 803 3667 ingenio
826 3583 959 3662 Mese,
984 3586 1087 3648 alieno
1110 3580 1241 3665 jndicio.

139 3684 236 3747 Multa
263 3686 423 3768 probanda
440 3687 474 3749 in
495 3707 543 3762 eo,
564 3688 663 3752 'muita
688 3687 782 3752 etiam
806 3686 1101 3752 admirandaeuutt
1125 3684 1242 3766 eligere

142 3784 233 3846 modo
248 3801 331 3845 cure
344 3783 396 3855 sit,
418 3785 499 3864 quod
514 3783 633 3847 utinam
660 3784 726 3867 ipse
739 3786 873 3850 lecisset.
889 3785 993 3864 Digna
1007 3785 1090 3846 enim
1111 3781 1170 3846 init
1187 3781 1242 3842 ilia

141 3889 264 3955 natura,
283 3895 350 3960 que
364 3882 494 3943 meliora
504 3881 609 3959 vellet,
627 3901 705 3964 qne,
722 3887 802 3965 quod
816 3882 923 3957 voluit,
944 3879 1059 3945 effecit.

174 4042 319 4114 dissideret]
339 4047 398 4099 iluo
421 4048 538 4117 pertinet
552 4049 579 4101 id
600 4049 671 4121 quod
692 4049 838 4104 Suetonius
857 4063 945 4102 narrat
967 4049 995 4102 in
1021 4049 1126 4101 Nerone
1144 4064 1168 4098 o.
1185 4044 1237 4097 52:

216 4131 373 4186 «Liberales
387 4133 542 4208 disciplinas
557 4154 647 4189 omnes
660 4137 715 4190 fere
727 4155 794 4207 puer
807 4132 904 4209 attigit,
915 4133 961 4190 ced
975 4154 990 4187 a
1003 4131 1170 4207 philosophia
1179 4149 1238 4183 curn
1257 4151 1259 4154 ’

211 4233 292 4274 mater
306 4221 408 4288 avertit,
424 4239 533 4274 monens
546 4221 705 4291 imperaturo
717 4224 873 4275 contrariam
888 4241 960 4287 esse;
975 4241 991 4274 a
1005 4219 1152 4294 cognitione
1166 4230 1238 4273 rete·
1320 4247 1323 4254 ,
