2934 4846
10 456 38 508 ·.
129 454 249 538 abipso
274 474 337 518 non
366 457 501 518 additum
522 477 560 520 ox
575 457 644 522 Cic.
669 461 716 522 De
729 462 851 524 luvent.
871 462 897 537 l,
916 461 956 523 43
971 455 1218 549 edocemur.Qni

24 591 34 605 ·
128 552 287 616 Ciceronis
299 553 375 616 libri
396 551 422 614 si
439 555 569 618 absoluti
584 571 696 634 essent,
714 559 826 622 certius
841 561 879 622 dc
897 560 958 624 hac
973 579 1062 622 causa
1081 562 1218 641 judicare

129 649 249 722 liceret.
261 649 312 713 Sic
325 651 419 712 etiam
432 673 451 714 a
466 654 672 718 Demosthene
684 655 731 720 De
746 676 809 720 cor.
828 675 857 718 c.
875 656 926 732 to,
940 677 972 740 p.
992 657 1217 722 1115111511.

2 806 4 811 .
131 747 211 832 (239
227 752 344 828 Reisk.)
363 755 532 836 exemplum
545 757 766 841 sumpsit,qnod
780 756 847 820 sine
862 756 987 824 nomine
1001 755 1107 823 addito
1122 773 1220 822 emtat

2 891 4 911 2
129 851 187 926 IV,
209 850 375 932 34.Qoare
386 850 577 930 adducimur,
589 872 623 916 ut
637 868 805 928 oratorum,
822 856 957 935 quiante
972 854 1106 929 fueraut,
1122 876 1222 918 exem·

2 980 7 1015 2
129 950 183 1030 pla
202 950 254 1010 vel
265 949 385 1028 integra
405 953 564 1028 nonnulla,
588 953 638 1014 vel
653 954 812 1014 immutata
829 953 1051 1016 et‘imitationc
1062 973 1222 1036 expressa,

6 1052 12 1066 '
132 1047 173 1108 ab
196 1050 335 1110 Auctore·
352 1059 475 1117 retenta
493 1067 559 1110 esse
575 1050 750 1120 credamus3
774 1067 840 1128 quae
854 1047 917 1110 suis
931 1069 1055 1130 quaeque
1068 1051 1145 1114 locis
1158 1049 1226 1114 dili·
1321 1057 1324 1076 ¹

129 1158 240 1222 genter
255 1143 442 1206 notabimus.
457 1146 573 1206 Verum
586 1145 625 1206 ad
634 1146 813 1208 Gracchum
830 1145 1003 1208 redeamus.

173 1242 225 1304 25.
250 1238 353 1320 Igitur
363 1242 401 1312 ad
413 1242 557 1324 populum
571 1253 642 1324 post
655 1256 837 1322 qomsttmam
851 1243 941 1304 dixit.
957 1242 1113 1306 Tribunus
1125 1246 1226 1325 plebis

19 1390 28 1404 .
132 1361 162 1402 a.
192 1339 253 1402 630
277 1341 360 1416 leges
383 1358 435 1402 cas
460 1329 540 1412 tulit,
565 1335 674 1420 quibus
694 1351 758 1402 tota
780 1336 892 1402 civitas
907 1340 1165 1423 permisceretur3
1191 1345 1226 1404 in

130 1449 242 1531 primis
263 1448 437 1526 agrariam,
463 1437 698 1502 frumentariam
728 1453 760 1502 et
781 1459 846 1522 quae
877 1447 932 1520 κατῖ
947 1440 1029 1508 ἐξοχὴν
1038 1444 1223 1526 Sempronia

1 1573 24 1613 n
134 1541 278 1610 Ciceroni
291 1542 405 1607 dicitur
428 1543 463 1603 in
482 1540 554 1602 Vrr.
572 1537 610 1612 V,
627 1539 677 1612 63,
694 1536 788 1602 Catil.
811 1541 837 1614 1,
863 1540 912 1614 11,
926 1543 988 1603 Pro
1001 1538 1112 1605 Rabir.
1129 1543 1218 1624 perd.
1238 1595 1240 1602 .

4 1651 23 1714 js
135 1668 162 1710 ο,
179 1648 199 1710 4
214 1659 246 1714 et
262 1647 298 1708 11
315 1672 324 1707 ς
349 1647 403 1706 Uti
417 1645 445 1699 si
457 1642 522 1722 qur's
536 1641 730 1716 magistratus
741 1639 779 1698 de
792 1644 891 1716 cupite
903 1644 976 1701 civis
993 1637 1110 1720 injussu
1120 1641 1227 1720 populi

1 1774 20 1816 ,ς
126 1731 318 1816 judicasset,
337 1734 375 1810 de
396 1727 465 1814 ejus
481 1737 580 1810 capite
598 1735 703 1812 popula·
717 1750 796 1796 esset
809 1736 1049 1798 animadversio.
1073 1740 1174 1820 Quam
1185 1739 1227 1801 le·

135 1837 249 1916 gemin
264 1839 300 1899 P.
311 1831 477 1918 Popillium
496 1836 652 1896 Laenatem
663 1838 748 1916 qnasi
766 1838 962 1918 privilegium
975 1838 1070 1905 latam
1080 1857 1147 1902 esse
1158 1860 1228 1902 con·

136 1951 208 2012 stat,
228 1935 280 2020 qni
294 1937 401 2001 consul
419 1936 453 1998 in
472 1935 519 1996 Ti.
542 1936 680 2000 Gracchi
694 1939 810 2005 amicos
823 1937 941 2001 acriter
952 1940 1230 2022 quasiverat.,lpse

1 2046 13 2096 '·
135 2041 232 2110 etium
256 2037 414 2122 Popillius,
436 2037 592 2100 continuis
614 2039 753 2112 Gracchi
767 2039 800 2100 in
817 2052 927 2102 senatu
940 2053 971 2104 et
993 2061 1051 2123 pro
1079 2038 1229 2104 concione

136 2139 309 2202 maledictis
322 2139 488 2212 laceratus,
512 2135 688 2217 priusquam
710 2136 745 2210 in
762 2135 813 2217 jus
832 2151 1014 2212 vocaretur,
1031 2136 1109 2201 urbe
1125 2139 1227 2202 cessit.

2 2273 7 2286 ·
133 2242 255 2304 Eodem
279 2259 360 2312 anno
388 2239 487 2316 legem
509 2234 647 2298 Aufeiam
674 2237 713 2298 de
734 2236 929 2320 Cappadocia
951 2238 1119 2302 heredibus
1137 2239 1230 2306 resti·
1319 2285 1324 2293 .

136 2344 251 2409 tuenda
261 2341 413 2412 dissuasit.
429 2334 577 2418 Sequenti
589 2329 671 2399 anno
682 2357 752 2402 cum
763 2337 799 2402 C.
813 2339 965 2404 Fannium
979 2339 1098 2422 dejecto
1109 2340 1145 2401 L.
1159 2338 1231 2423 Opi·

137 2439 200 2505 mio
214 2440 370 2504 cassidem
383 2432 516 2510 lecisset,
530 2433 663 2494 nondum
676 2435 807 2496 cedente
814 2447 922 2499 senatu
937 2433 1054 2515 judicia
1067 2437 1105 2498 ad
1114 2436 1233 2516 equites

137 2538 294 2599 Romanos
308 2532 478 2610 transtulit,
501 2530 735 2611 provinciarum
760 2529 1015 2608 conferendarum
1026 2531 1078 2613 jus
1099 2533 1229 2606 minuit,

136 2635 297 2713 sociosque
310 2633 439 2694 civitate
453 2629 604 2712 promissa
618 2625 680 2690 suis
693 2628 833 2709 partibus
846 2629 1013 2692 conciliare
1023 2630 1147 2697 studuit.

180 2736 283 2818 Quam
296 2735 396 2812 legem
421 2729 559 2794 Fannius
571 2729 637 2810 ipse
652 2729 802 2806 nobilium
817 2749 977 2807 consenso,
995 2733 1076 2813 quod
1088 2751 1126 2794 ex
1139 2735 1233 2797 Bruto

139 2857 169 2900 c.
184 2836 236 2909 26,
251 2835 390 2916 quamvis
402 2830 611 2895 dissimulante
625 2827 787 2905 Cicerone,
811 2831 885 2894 licet
896 2830 1013 2909 ridere,
1031 2847 1154 2899 coactus
1174 2835 1234 2898 dis·

139 2931 248 3006 suasit,
262 2931 312 2995 vel
325 2930 425 3013 potius
437 2949 492 2990 suo
507 2947 561 2990 ore
574 2927 714 3008 protulit,
733 2947 801 3009 quac
816 2928 1033 2996 disertissimus
1046 2931 1172 3014 quisque
1181 2951 1232 2994 no·

138 3026 251 3100 billum
263 3028 297 3088 in
309 3025 584 3103 nnamorationem
596 3022 786 3087 contulisset.
798 3027 895 3104 Leges
905 3028 1104 3092 Gracchanas
1113 3049 1231 3104 omnes,

140 3149 233 3210 quam
246 3126 316 3196 fieri
336 3140 446 3210 potest,
470 3127 638 3201 restitutas,
662 3126 787 3204 Pighius
806 3127 945 3202 exhibuit
962 3129 1077 3202 Annal.
1093 3131 1156 3194 vol.
1172 3131 1232 3202 ΙΙΙ,

137 3245 172 3307 p.
188 3225 225 3288 51
248 3245 315 3306 sqq.
331 3237 362 3286 et
376 3225 415 3288 59
428 3243 495 3304 sqq.
511 3223 547 3283 ln
560 3222 619 3284 hoc
639 3222 800 3286 tribunatu
811 3219 865 3286 vix
876 3224 957 3286 diem
969 3225 1070 3301 tuisse,
1092 3246 1151 3307 quo
1171 3244 1235 3288 non

142 3322 194 3383 rel
215 3341 248 3384 se
267 3321 454 3395 defenderet,
482 3319 533 3380 rel
553 3315 695 3380 inimicos
716 3320 881 3386 lacesseret
894 3322 1065 3398 Gracchus,
1085 3321 1235 3405 suspicari

139 3416 234 3500 facilc
242 3436 437 3500 possumus...
457 3415 536 3478 26...
559 3407 611 3502 [V.
627 3415 666 3475 11.
683 3435 714 3496 p.
733 3411 897 3504 116126]
1143 3492 1145 3496 ,

186 3518 238 3580 nt.
262 3519 319 3580 De-
331 3519 477 3583 Graccho
497 3529 622 3578 oratore
640 3516 692 3606 rix
715 3517 870 3603 discrepat
890 3533 1048 3582 anctorum
1071 3519 1233 3602 judicium.

105 3619 108 3624 ’
142 3618 261 3680 Praeter
269 3617 464 3700 Diophanem
479 3617 574 3678 alium
584 3615 708 3676 dicendi
720 3618 899 3698 magistrum
909 3620 1052 3683 habuisse
1063 3621 1236 3696 Menelaum

143 3715 243 3776 fertur
251 3715 470 3779 Marathenum
483 3711 569 3797 (Cic.
586 3715 674 3776 Brut.
689 3732 719 3773 c.
736 3715 788 3790 26,
800 3715 881 3798 too).
896 3720 1004 3781 Artem
1014 3717 1178 3796 diligenter
1193 3718 1236 3779 di-

145 3813 255 3878 dicisse
268 3828 302 3879 et
320 3815 492 3896 orationem
513 3835 552 3878 ex
565 3834 602 3878 ea
625 3826 798 3894 temperare
820 3817 988 3893 5511155511
1003 3817 1112 3900 primis
1121 3817 1183 3898 ⁴illa
1197 3822 1235 3888 de

143 3915 268 3978 homine
290 3915 435 4007 fistulam,
457 3916 529 3979 dum
545 3914 783 3990 concionaretur
800 3917 986 3991 Gracchus,
1013 3919 1146 3996 inflante¹
1164 3938 1233 3990 nar·

146 4016 227 4078 ratio
239 4018 438 4094 demonstrat,
454 4037 544 4099 quam
555 4029 668 4100 praeter
684 4015 751 4080 Cic.
768 4019 906 4089 Deerat.
918 4021 978 4096 111,
995 4023 1048 4096 60,
1063 4018 1233 4093 225,111115

145 4135 202 4178 sua
210 4117 345 4182 hausisse
357 4121 527 4185 credendus
536 4118 692 4182 Plutarch.
708 4117 742 4178 in
755 4113 826 4182 Vita
838 4139 866 4180 c.
882 4120 900 4180 2
915 4132 946 4180 et
956 4121 984 4192 3,
997 4120 1140 4183 'Valerius
1149 4119 1230 4182 Max.

1023 4231 1038 4281 5
