2904 4840
646 315 713 388 125

284 532 314 592 6.
339 549 446 594 omno
470 553 510 592 nu
531 551 628 620 usmis
650 550 755 594 rueme
776 547 890 592 conant
914 546 1071 589 autunum.

168 687 393 765 Argumentum
406 687 476 749 vide
490 687 524 748 iu
538 689 736 770 precedenti.
753 687 861 752 Oratio
877 703 958 748 anno
970 683 1031 746 563
1045 693 1092 742 cst
1102 679 1222 742 habim.
1282 714 1287 730 ι

18 817 21 822 -
114 783 166 842 A.
176 783 294 860 Gellius
305 785 339 845 in
351 785 485 863 eleganti
492 777 609 864 judicio
623 787 660 846 de
671 781 891 867 cloquentinC.
901 779 1051 850 Gracchi,
1061 775 1224 840 Ciceronis

113 897 217 965 atque
231 882 359 946 Catonis
377 904 416 946 ex
437 898 474 946 co
495 883 587 960 libro,
606 887 658 966 qui
679 887 716 944 de
728 884 825 965 flzlsis
843 885 956 960 pugnis
977 875 1149 960 inscriptus
1163 889 1223 951 cst,

111 982 299 1063 exemplum
314 981 461 1062 sumpsit,
473 981 515 1056 X,
528 981 545 1042 3
558 1004 566 1042 ε
586 1007 600 1036 a
614 983 676 1062 Qui
691 981 866 1043 consideret
879 982 922 1040 M.
938 975 1075 1052 Catonis,
1093 973 1227 1038 hominis

115 1074 331 1163 antiquioris,
345 1083 530 1156 orationem,
551 1083 590 1144 ad
614 1081 700 1162 cujus
721 1082 786 1143 vim
800 1093 832 1142 et
846 1077 968 1161 copiam
989 1078 1152 1141 Gracchus
1167 1095 1226 1138 nec

114 1178 306 1260 adspirant,
334 1177 499 1256 intelliget,
526 1178 651 1260 opinor,
677 1177 830 1240 Catonem
851 1185 1032 1238 contentum
1052 1174 1227 1254 eloquentia

116 1270 227 1340 {etatis
239 1297 300 1338 suae
315 1295 377 1338 non
392 1277 493 1350 luisse,
508 1289 540 1338 et
548 1278 579 1338 id
591 1276 656 1357 jam
670 1291 734 1338 tum
745 1277 849 1339 facere
863 1274 1005 1346 voluisse,
1023 1274 1103 1354 quod
1116 1273 1227 1336 Cicero

112 1387 233 1458 posteo
242 1371 385 1457 perfecit.
402 1375 438 1436 ln
453 1393 490 1436 co
508 1395 641 1456 numque
656 1375 749 1451 libro,
766 1375 819 1456 qui
833 1375 870 1433 de
879 1373 981 1454 falsis
993 1375 1103 1450 pugnis
1114 1367 1226 1432 iuscri-

117 1489 197 1558 ptus
215 1488 272 1551 est,
286 1474 330 1536 ita
341 1475 379 1535 de
389 1475 431 1557 Q.
448 1475 581 1537 Thermo
594 1489 779 1558 conquestus
793 1488 857 1538 ests
945 1485 949 1494 '
1242 1534 1251 1544 .

167 1571 278 1642 Dixit,
301 1595 321 1631 a
340 1573 523 1634 decemuiris
540 1593 654 1652 purum
674 1575 737 1636 sibi
766 1573 840 1634 bene
859 1571 977 1633 cibaria
1013 1587 1118 1636 curata
1137 1587 1205 1630 esse
1214 1610 1225 1638 ,

107 1665 213 1750 jussit
227 1673 407 1730 vestimenta
419 1666 538 1727 detrahi
550 1668 747 1754 atqueflagro
761 1671 862 1731 caedi.-
877 1673 1062 1736 decemuiras
1070 1666 1227 1733 Bruttiani

113 1765 343 1846 verberavere,·
354 1767 463 1827 videre
479 1765 562 1826 multi
574 1768 728 1828 mortales.
742 1768 819 1848 Quis
832 1765 909 1828 banc
922 1769 1146 1834 contumeliam,
1155 1768 1224 1849 quis
1247 1757 1269 1830 2
1273 1759 1296 1831 3

115 1861 178 1924 boc
192 1867 377 1942 imperium,
391 1867 459 1947 quis
474 1861 551 1923 lianc
565 1867 832 1947 seruitiuemserre
842 1865 970 1944 potest?
983 1866 1080 1928 Nemo
1095 1863 1151 1923 lroc
1165 1881 1224 1920 rex

116 1981 213 2022 ausus
226 1964 414 2042 estflrcere5
425 1979 501 2020 earne
508 1961 587 2040 fieri
605 1961 702 2032 bonis,
721 1961 797 2022 bono
815 1981 926 2041 genere
938 1967 1049 2044 gnatis,
1065 1961 1138 2022 boni
1155 1978 1225 2019 cun·

118 2056 249 2118 salitis?
267 2057 330 2118 Ubi
351 2055 507 2127 societas?
522 2057 574 2117 ubi
584 2058 670 2140 fides
690 2054 874 2140 majorum?
888 2061 1058 2142 Insignitas
1076 2052 1222 2138 injurias,

122 2163 250 2241 plagas,
263 2160 404 2230 verbera,
419 2157 550 2237 vibices,
567 2165 630 2231 vis,
649 2161 768 2226 dolores
782 2175 870 2245 atque
884 2161 1091 2245 carnificinas,
1104 2179 1163 2238 per
1175 2158 1226 2216 de·
1248 2193 1251 2200 =

122 2257 215 2319 decus
227 2272 316 2342 atque
329 2253 512 2318 maxumam
526 2259 757 2331 cananeum,
778 2259 1013 2336 inspectantibus
1027 2253 1226 2339 popularibus

120 2360 188 2416 suis
200 2371 290 2442 atque
303 2357 404 2418 multis
418 2358 608 2430 monadibus,
623 2361 771 2439 sefacere
785 2381 893 2422 ausum
904 2359 993 2423 esse?
1007 2359 1072 2420 Sed
1082 2370 1227 2443 quantum

120 2457 252 2529 luctum,
274 2474 419 2544 quantum
439 2463 605 2540 gemitum,
627 2462 703 2544 quial
719 2460 942 2534 lacrumarum,
962 2475 1106 2546 quantum
1112 2455 1227 2538 fletum

111 2558 242 2639 factum
254 2557 381 2622 audiui?
392 2559 483 2622 Serui
494 2553 626 2638 injurias
637 2563 733 2620 nimis
743 2562 952 2642 aegreferunt
969 2559 1050 2642 Quid
1057 2559 1136 2632 illos,
1150 2555 1227 2614 bono

122 2674 237 2734 genere
248 2671 365 2734 gnatos,
380 2677 494 2736 magna
504 2659 618 2714 virtute
626 2657 787 2734 praeditus,
800 2659 970 2736 opinamini
980 2658 1077 2714 animi
1086 2650 1228 2712 habuisse

124 2751 397 2837 atquebubituros,
409 2753 481 2812 dum
493 2756 592 2815 virent
600 2749 640 2811 2»

127 2895 130 2906 .
158 2860 314 2932 Decemviri]
329 2881 426 2917 nomen
438 2863 608 2936 magistratus
620 2861 692 2934 apud
705 2863 827 2935 Ligures.

160 2947 307 3015 Bruttiani]
321 2948 364 3001 Sic
378 2948 548 3020 appellantur
559 2949 666 3014 Bruttii,
681 2949 728 3019 qui
741 2948 891 3022 ignominie
902 2967 981 3002 eausa
993 2947 1189 3021 magistratibus
1198 2947 1227 3000 in

194 3031 344 3101 provincius
364 3031 491 3084 euntibus
508 3051 602 3105 parere
619 3031 867 3103 etlprmministmtu
885 3051 1021 3086 servorum
1041 3033 1123 3086 vicem
1142 3031 1227 3086 coacti

197 3125 273 3177 sunt,
291 3125 322 3164 ut
333 3112 440 3166 Gellius
452 3114 766 3186 ipsehoclocuexplicut.
781 3115 834 3169 Ubi
846 3136 871 3170 v.
883 3119 1001 3172 Gronov.
1012 3115 1089 3170 cont.
1100 3118 1226 3170 Cteuzer.

195 3199 288 3270 Antiq.
300 3200 377 3253 Rom.
390 3203 412 3270 §.
426 3203 469 3256 39.

158 3289 187 3336 te
193 3286 294 3358 facere]
305 3285 449 3366 ¹Schulting
457 3286 490 3340 ai
500 3287 604 3360 Senecte
609 3289 778 3342 controvers.
790 3289 834 3354 1,t
848 3310 855 3340 z
870 3292 934 3362 Ipse
945 3258 1028 3346 omma
1040 3291 1108 3344 mala
1118 3289 1229 3352 fact‘ebat

195 3371 296 3444 ingenio
304 3393 363 3436 suo,
372 3395 400 3447 p.
411 3375 444 3428 75
453 3374 526 3427 hune
539 3374 628 3428 locum
640 3374 718 3430 affert
730 3395 791 3429 cum
803 3376 886 3432 altero
895 3379 1005 3432 Catonis
1016 3398 1048 3432 cx
1055 3377 1175 3431 Chariclo
1184 3377 1208 3426 ll
1218 3397 1225 3428 ε

195 3452 286 3509 Multa
296 3475 360 3510 noua
372 3455 593 3524 miraculascecrc
606 3455 708 3512 memmi.
721 3459 827 3526 [Statim
840 3460 897 3514 cod.
908 3462 974 3534 Reg.
986 3463 1025 3514 Et
1033 3467 1170 3533 quantum,
1177 3477 1228 3532 pto

193 3539 256 3596 Sed.
269 3545 303 3596 Et
312 3547 599 3617 Meysenquantumoun
607 3565 711 3620 gem...,
725 3555 900 3620 quantumque
905 3552 989 3620 saci„
1000 3548 1091 3603 invitis
1102 3545 1194 3612 codd.]

167 3641 287 3703 Nonius
300 3663 332 3723 p.
348 3645 419 3714 tot,
433 3644 472 3707 27
486 3646 660 3728 exemplum
682 3666 721 3708 ex
744 3639 851 3728 eodeni
870 3647 966 3712 Gellii
985 3649 1054 3709 loco
1075 3657 1229 3707 mutuatus

125 3753 194 3804 eut:
209 3769 224 3799 a
237 3741 379 3816 Vibices,
400 3739 559 3828 plagarum
580 3749 720 3809 vulnera.
747 3749 833 3812 Cato
848 3751 886 3811 de
906 3748 988 3810 salsis
1007 3749 1139 3831 pugnis:
1167 3747 1229 3808 Ubi

125 3839 277 3902 societas?
288 3839 424 3922 ubifides
435 3839 590 3926 majorum
600 3844 617 3904 Ρ
626 3849 786 3925 insignitas
797 3843 941 3928 injurias,
948 3848 1071 3929 plagas,
1082 3836 1225 3917 verbera,

123 3939 253 4014 vibices,
260 3945 307 4003 eis
316 3941 436 4004 dolsrres
446 3960 535 4031 atque
545 3947 738 4022 carnificinas
745 3969 805 4026 per
814 3949 943 4010 dedecus
953 3965 1041 4036 atque
1051 3952 1228 4010 maximam

125 4043 340 4103 contumeliam
362 4047 606 4123 inspectantibus.
623 4073 637 4106 n
658 4048 786 4128 Legitur
808 4051 889 4132 apud
911 4053 1050 4114 Perott.:
1066 4047 1228 4125 insignitas

127 4133 271 4221 injurias,
287 4140 410 4228 plagas,
426 4148 569 4218 verbera,
584 4150 710 4224 vibices,
727 4153 788 4223 vis,
803 4151 931 4213 dolores.
958 4154 1047 4213 Hauc
1060 4145 1227 4209 lectionem
