2916 4838
666 348 736 420 313

218 499 366 542 extremum
383 489 531 538 morborum
550 487 625 536 toedio
645 489 672 536 in
691 485 784 538 balneo
803 486 936 540 voluntate
951 489 1115 538 centumalus
1131 489 1248 541 heredem

224 573 328 645 reliquit
338 570 368 624 A
370 584 502 643 oportum.

194 694 328 780 Quintil.
336 697 425 772 vul,
437 695 467 771 6,
478 697 517 760 tt
530 717 537 756 ε
549 696 622 758 Hoc
634 694 796 776 allegoria,
804 715 871 778 qnoe
881 709 929 758 est
939 692 1112 770 obscurior,
1120 697 1251 776 enigma

148 795 287 857 dicitur:
307 814 367 875 quo
381 805 510 856 utuntur
524 806 557 857 et
570 807 710 858 oratores
730 813 964 877 nonnunquam,
991 805 1026 854 nt
1043 792 1156 858 Coelius
1176 816 1251 877 qun-

153 899 345 956 drantariam
368 894 634 974 Clrtaemnestram
662 910 694 959 et
718 902 750 955 in
769 897 906 956 triclinio
920 917 1038 970 eoam,
1063 900 1095 956 in
1115 893 1252 955 cobtcdo

148 995 270 1055 nolam.

192 1131 298 1199 Coelius]
310 1131 337 1185 in
347 1132 464 1183 oratione
471 1148 520 1201 pro
531 1149 557 1182 se
565 1132 599 1181 de
608 1135 637 1182 υἱ
646 1129 674 1181 in
682 1127 812 1191 Clodium,
824 1129 927 1182 Metelli
936 1147 1053 1193 uxorem,
1064 1131 1210 1184 invehitur.

187 1267 292 1301 coam...
307 1249 403 1314 nolam]
413 1245 594 1298 Eichstudtius
608 1242 727 1297 illustrat
738 1243 827 1298 locum
845 1245 873 1296 in
888 1247 1079 1317 Programmate
1096 1246 1163 1300 l824
1180 1248 1254 1298 Jeute

222 1335 293 1386 edito
302 1355 309 1386 ι
328 1336 415 1388 Unam
426 1333 507 1386 Coum
513 1331 729 1398 dixitfemr'nam,
741 1333 852 1385 alteram
859 1331 954 1384 Nolam
964 1338 1052 1405 (quasi
1058 1352 1092 1385 en
1101 1333 1139 1386 Co
1154 1335 1254 1399 insula,

222 1433 247 1472 et
260 1418 341 1481 Nola,
357 1419 420 1470 urbe
429 1416 595 1489 Campaniae]
611 1417 760 1482 oriundas),
779 1437 807 1469 oo
821 1419 927 1489 quidem
941 1435 1028 1482 sensu,
1040 1436 1115 1490 quem
1128 1418 1255 1470 Gesnerru

221 1515 245 1556 et
252 1501 424 1575 Spaldingius
435 1507 543 1574 aperuit.
555 1499 609 1554 Sed
620 1505 710 1554 verum
720 1513 770 1562 est,
784 1503 857 1573 quod
867 1498 1038 1573 Spaldingius
1046 1505 1154 1566 monuit,
1162 1506 1255 1554 miram

223 1607 276 1640 esre
287 1599 313 1640 et
322 1587 509 1658 infrequentem
517 1584 708 1655 quadranturiae
718 1587 854 1657 injurium,
864 1597 892 1636 ut
902 1587 993 1637 eudem
1002 1589 1037 1635 tit
1044 1583 1116 1636 nola.
1131 1583 1255 1660 Adjieere

222 1675 469 1747 poterat,seminnm
479 1691 616 1745 procacem
624 1673 796 1744 lascivamque
804 1678 831 1724 in
840 1674 946 1725 triclinio
957 1676 1030 1725 etad
1038 1675 1144 1746 πρᾶγμ
1153 1687 1256 1727 tantum

137 1761 140 1766 “
224 1758 375 1810 allicientem
388 1776 419 1808 ne
431 1758 484 1808 dici
495 1759 598 1827 quidem
609 1775 682 1827 porse
694 1773 776 1807 coam.
792 1757 886 1827 Itaque
896 1759 1089 1826 tramponenda
1101 1777 1153 1810 estc
1166 1778 1254 1812 censeo

225 1847 306 1896 verba
318 1863 324 1895 ι
340 1856 366 1894 et
376 1843 405 1894 in
418 1841 535 1896 triclinio
548 1842 643 1896 Nolam
655 1844 725 1915 (quur
737 1844 806 1896 nolle
817 1861 843 1894 se
854 1843 982 1913 structa),
997 1844 1026 1896 in
1040 1843 1164 1896 cubiculo
1176 1845 1256 1898 Coum

226 1930 295 2000 (quoe
305 1927 423 1980 lubenter
434 1927 504 1994 coit).

198 2071 284 2133 Idem
295 2071 350 2146 x1,
366 2072 394 2145 l,
409 2069 445 2132 51
459 2092 467 2132 ι
485 2069 565 2132 Mire
579 2070 621 2129 lt.
633 2069 748 2134 Coelius
759 2069 791 2130 in
804 2069 982 2150 defensione
993 2089 1104 2142 caua,
1114 2091 1174 2153 qua
1184 2091 1256 2133 reus

155 2170 194 2229 de
213 2167 346 2231 tri-luit:
370 2167 415 2230 lle
434 2173 484 2228 cui
503 2182 640 2229 cestrum
660 2182 749 2251 atque
767 2172 864 2227 etiam
885 2171 1033 2240 onmium,
1055 2171 1108 2252 qui
1129 2170 1256 2230 adrem

154 2271 307 2350 agendam
317 2285 431 2340 assunt,
443 2289 529 2330 meus
539 2283 590 2328 aut
601 2267 702 2327 vultus
714 2269 873 2330 molestior
882 2284 936 2328 aut
946 2289 1011 2328 oon
1025 2270 1257 2330 immoderatior

154 2367 256 2451 aliqua
272 2382 324 2426 aut
341 2369 480 2450 denique,
494 2366 576 2450 quod
589 2369 754 2425 minimum
773 2380 830 2437 est,
845 2363 1016 2449 jactantior
1036 2379 1138 2445 gestus
1149 2368 1255 2447 scisse

156 2465 307 2522 videntur.

189 2603 333 2665 minimum]
343 2598 381 2650 sic
390 2596 494 2668 scripsi.
504 2594 592 2666 Vulgo
601 2598 716 2646 nimium.
728 2591 801 2645 illud
809 2592 930 2663 probavit
938 2594 1017 2644 etium
1026 2595 1176 2666 Zumptius.

198 2724 245 2785 Id.
259 2726 286 2799 1,
300 2725 330 2792 6,
345 2722 403 2783 292
419 2719 613 2804 Etymologia
631 2718 728 2781 habet
746 2717 914 2798 aliquando
928 2739 1015 2780 usum
1030 2719 1251 2799 necessarium,

155 2826 274 2908 quoties
285 2823 546 2906 interpretatione
552 2841 615 2898 ros,
624 2823 723 2903 dequa
733 2822 893 2902 quaeritur,
906 2835 986 2900 eget,
995 2836 1030 2883 ιιι
1043 2823 1084 2882 M.
1097 2823 1212 2888 Coelius
1222 2846 1254 2886 se

151 2944 224 2986 esse
237 2921 394 2984 hominem
407 2921 489 3001 frugi
503 2920 569 2980 vult
577 2918 724 3002 probare,
738 2940 802 2982 non
817 2920 889 3002 quia
903 2917 1062 2982 abstinens
1073 2923 1115 2983 sit
1125 2929 1213 2999 (nam'
1222 2923 1255 2986 id

157 3042 198 3084 ne
212 3021 339 3084 mentiri
354 3018 476 3102 quidem
487 3022 631 3102 poterat).
642 3021 694 3080 sed
705 3022 774 3102 quia
787 3017 870 3078 utilis
887 3017 998 3096 multu,
1014 3019 1047 3076 id
1053 3035 1111 3093 est,
1112 3023 1257 3102 sructuo·
1295 3006 1298 3016 ⁵

156 3141 220 3194 sus,
235 3120 312 3180 unde
325 3123 362 3180 sit
373 3120 461 3181 ducta
470 3117 640 3198 frugalitas.

192 3255 238 3310 M.
247 3257 358 3324 Galim]
373 3254 509 3332 Spalding.
524 3254 557 3307 ad
570 3253 608 3317 11,
623 3254 647 3317 1,
658 3254 687 3306 51
701 3271 733 3306 ox
744 3253 878 3315 oratione,
892 3272 971 3324 quarn
981 3277 1029 3329 pro
1042 3276 1070 3310 oe
1081 3261 1113 3311 dc
1126 3264 1155 3310 vi
1164 3272 1256 3314 contra
1320 3279 1322 3283 ·

152 3341 189 3395 dl.
200 3342 382 3414 Sempronium
391 3340 542 3394 Atratinum
550 3337 655 3401 habuit,
666 3349 802 3408 sumptum
812 3337 971 3408 suspiratur.

538 3550 646 3594 (tutuo
659 3551 692 3592 ult
709 3548 873 3592 turoulun.

200 3742 237 3805 C.
251 3738 415 3815 Antonius,
429 3740 590 3804 Ciceronis
604 3742 637 3801 in
653 3739 815 3801 consulatu
831 3738 961 3818 collega,
975 3743 1140 3820 proconsul
1151 3763 1255 3807 rever·

152 3859 209 3903 eus
223 3859 261 3902 ex
271 3835 463 3912 Macedonio,
475 3850 507 3901 et
517 3836 710 3902 Catilinariae
722 3835 948 3919 conjurationis
960 3848 993 3898 et
1003 3836 1173 3928 majestatis
1186 3861 1257 3903 rcus

158 3937 257 4002 iactus
272 3959 291 4002 a
304 3939 346 4001 Μ.
360 3937 459 4002 Coelio
479 3959 508 4001 a.
528 3941 566 4005 U.
589 3939 661 4003 694.
685 3937 774 4001 Conl.
792 3935 859 3999 Cic.
882 3933 939 4000 Or.
961 3957 1017 4020 pro
1035 3936 1134 4000 Coelio
1150 3960 1180 4001 e.
1202 3942 1253 4019 31;

158 4039 259 4102 Schol.
283 4034 426 4101 umbros.
451 4039 489 4100 ad
509 4035 611 4103 Cicer.
633 4035 689 4103 Or.
710 4038 744 4100 in
758 4031 918 4102 Vatinium
937 4056 966 4097 c.
981 4037 1031 4108 ll,
1055 4057 1086 4118 p.
1108 4037 1179 4112 321,
1200 4060 1257 4123 pro

158 4141 269 4204 Flacco
281 4139 312 4216 2,
326 4143 355 4215 5,
369 4159 404 4223 p.
418 4138 478 4203 229
489 4140 540 4201 ed.
550 4139 646 4202 Orell.
1230 4165 1232 4167 ·

1048 4251 1081 4320 ,4⁰
