2934 4846
746 297 789 368 16

213 434 352 500 Gracchi
365 433 598 517 ‘vehementiam
619 444 651 494 et
671 432 776 497 Crassi
789 433 1013 508 maturitatem,
1028 449 1119 517 quum
1133 445 1220 496 recte
1234 435 1318 497 cata«

214 534 330 594 mistris
352 532 532 596 Maecenatis
555 542 587 594 et
611 530 738 593 tinnitui
766 530 921 595 Gallionis
947 532 1172 615 praeferendam
1194 533 1315 594 censuit

214 647 323 696 auctor
337 631 419 695 Dial.
432 634 471 695 de
484 643 642 695 cratone.
667 630 721 706 26,
732 630 798 714 jam
813 632 940 695 Catonis
948 634 1121 713 fragmenta
1130 633 1264 715 maJora,
1280 633 1316 694 in

213 730 321 812 primis
330 749 397 812 quae
407 731 486 812 apud
501 731 540 791 ll.
552 729 689 794 Gellium
696 741 828 806 exstant,
842 744 909 792 arte
917 731 1038 812 quidem
1050 732 1271 807 destituuntur,
1283 742 1316 794 at

212 831 304 914 plena
314 841 385 891 sunt
399 828 687 911 generosispiritus.
702 831 808 913 Quare
823 849 882 892 nec
896 829 962 912 ipse
973 833 1013 892 Α.
1025 830 1147 894 Gellius
1164 829 1315 915 (ceterum

211 930 375 992 immodico
390 929 520 1008 quodam
538 927 732 1009 antiquitatis
743 928 843 991 studio
863 940 972 1011 captus
982 927 994 1014 )
1006 949 1106 1011 neque
1126 929 1239 993 Cicero
1254 929 1316 993 onl-

212 1027 323 1106 pandi,
340 1045 411 1088 cum
420 1039 542 1088 veteres
554 1025 697 1087 laudibus
711 1025 845 1106 egregiis
854 1025 959 1088 lerunt
969 1025 1013 1110 (r.
1024 1027 1112 1087 Brut.
1127 1045 1156 1087 e.
1174 1025 1226 1100 16,
1241 1024 1312 1088 coll.

214 1126 283 1212 33);
301 1146 359 1188 nec
371 1125 502 1189 absurde
513 1126 647 1209 Quintil.
663 1128 817 1190 Cicerone
832 1140 991 1208 preeunte
1004 1125 1156 1210 judicavit
1172 1127 1241 1202 Xll,
1262 1126 1313 1203 10,

212 1224 266 1302 45,
279 1225 350 1287 0011.
364 1225 404 1297 Χ,
420 1223 449 1298 1,
466 1223 525 1298 40,
545 1223 642 1283 multa
656 1223 805 1285 aCatone
819 1225 1027 1303 Gracchoque
1040 1223 1159 1286 oratori
1169 1226 1313 1306 petenda.

211 1329 368 1389 Praeterea
382 1322 517 1387 conferri
530 1334 667 1404 possunt,
685 1341 781 1404 quasa
795 1321 948 1385 Cicerone
963 1323 997 1384 in
1010 1326 1097 1385 Brut.
1114 1345 1144 1386 e.
1162 1325 1203 1386 ’14
1219 1340 1251 1388 et
1262 1328 1315 1402 86,

211 1423 404 1506 Quintiliano
428 1420 511 1493 Xll,
535 1418 587 1494 10,
606 1417 645 1478 10
668 1430 700 1480 et
721 1417 873 1493 301001.
899 1419 938 1479 00
953 1431 1047 1480 oratt.
1065 1439 1094 1480 c.
1111 1419 1161 1494 18,
1177 1439 1261 1502 sqq,
1277 1425 1317 1486 de

211 1522 300 1605 hujus
315 1520 414 1580 aetatis
423 1518 600 1580 oratoribus
613 1517 842 1580 existimantur.
859 1518 938 1582 Nam
948 1521 987 1580 de
1001 1518 1106 1582 Crassi
1119 1520 1313 1600 fragmentis,

211 1637 246 1684 nt
259 1621 386 1702 exiguis,
404 1621 447 1682 ita
463 1621 617 1698 claritate,
634 1621 668 1682 ui
681 1633 713 1684 et
727 1621 830 1683 colore
841 1620 887 1682 sic
901 1619 1120 1696 eminentibus,
1135 1633 1170 1681 ut
1189 1621 1316 1686 Cicero-

135 1758 140 1767 ,
213 1741 284 1782 nem
294 1718 412 1800 majore
425 1718 621 1782 vehementia
633 1737 768 1801 unquam
779 1716 916 1781 dubitem
930 1718 1061 1794 dixisse,
1084 1718 1227 1782 01101000
1240 1720 1317 1783 ube·

212 1819 277 1882 rius
291 1819 436 1884 dicemus.
454 1821 515 1882 Sed
529 1819 720 1904 simplicibus
732 1819 926 1895 hominibus,
942 1819 1016 1882 lieet
1030 1821 1109 1882 casti
1130 1830 1231 1883 mores
1246 1841 1315 1885 san·

212 1923 320 1984 ctitate
340 1921 434 1983 etiam
447 1919 615 1983 uerborum
629 1922 891 2005 exprimerentur,
918 1922 1054 2002 ingenuo
1068 1943 1160 1984 sensu
1178 1925 1316 2004 qutedam

211 2042 327 2104 ponere
340 2021 442 2096 libuit,
456 2039 523 2102 quae
536 2022 681 2086 cultiores
695 2033 824 2104 nepotes
835 2021 1048 2104 repudiarunt.
1063 2021 1157 2086 Velut
1172 2025 1312 2105 quaeCic.

205 2108 260 2185 De
280 2137 360 2185 orat.
383 2125 451 2200 111,
477 2122 513 2183 11
543 2137 575 2184 et
600 2144 638 2186 ex
659 2143 696 2186 eo
720 2122 931 2207 Quintilianus
945 2121 1041 2198 Vlll,
1069 2126 1100 2200 6,
1127 2124 1177 2200 15,
1202 2145 1313 2206 partim

212 2221 324 2282 munde
339 2222 423 2282 dieta
439 2222 548 2298 refert,
566 2237 679 2282 stercus
692 2225 784 2282 carta
798 2221 964 2282 Glauciam
983 2233 1016 2283 et
1042 2238 1206 2282 castratam
1226 2225 1315 2306 Afn'·

213 2325 284 2378 cani
302 2335 401 2380 morte
414 2319 657 2401 rempublicam,
671 2341 748 2404 ,quae
770 2321 886 2402 partim
906 2321 1063 2397 mendose,
1079 2323 1195 2404 partim
1212 2343 1252 2385 ex
1268 2324 1318 2385 in«

214 2433 457 2503 terpretamento
468 2422 645 2486 Marcianus
655 2423 781 2506 Capella
788 2423 895 2486 Rhett.
908 2414 939 2506 pss
950 2423 1025 2496 425,
1037 2425 1088 2486 ed.
1099 2422 1312 2508 Capperonn.‚

213 2517 332 2582 editore
347 2519 425 2582 nihil
435 2533 575 2593 notante,
592 2521 637 2582 sic
652 2521 749 2582 refert
766 2542 775 2582 ε
796 2521 969 2581 Castrorum
980 2522 1013 2580 A
1005 2522 1147 2601 sulcam,
1161 2537 1315 2581 mortuam

213 2618 457 2696 rempublicam,
475 2635 504 2679 ct
528 2619 668 2680 Clodium
689 2633 804 2678 stercus
825 2632 945 2678 senatus
962 2649 998 2663 -
1014 2618 1092 2696 haec,
1108 2619 1245 2698 inquam,
1259 2638 1313 2680 ne·

212 2719 276 2780 0010
289 2739 378 2798 quem
390 2718 472 2781 illius
482 2721 581 2783 aetatis
591 2720 719 2794 dixisse,
732 2721 814 2782 haud
824 2718 1022 2801 improbabili
1037 2717 1218 2798 conjectura
1229 2737 1315 2784 ,asse-

212 2815 264 2897 qui
276 2837 363 2898 posse
382 2819 458 2880 mihi
472 2821 593 2882 videor.
607 2815 749 2880 Fortasse
763 2821 895 2881 alterum
915 2822 956 2901 Q.
970 2818 1110 2880 Metellus
1121 2815 1311 2889 Numidicus,

212 2925 264 2974 aut
283 2914 326 2974 M.
345 2913 490 2988 Scaurus,
505 2928 539 2974 ut
552 2913 703 2988 Glaueiae,
720 2913 764 2972 ita
778 2913 944 2974 Saturnini.
958 2926 990 2973 et
1006 2912 1099 2972 Marii
1112 2911 1253 2990 iuimici3
1272 2913 1315 2976 al·

211 3025 312 3076 terum
327 3015 368 3097 Q.
391 3014 529 3076 Scaevola
551 3011 665 3073 alicubi
684 3024 837 3094 posuerat.
863 3013 940 3074 Nam
964 3032 1072 3094 parum
1088 3012 1174 3096 puris
1188 3014 1315 3077 auribus

211 3113 278 3173 haec
312 3111 446 3173 castiora
460 3109 668 3185 videbuntur,
690 3128 781 3190 quum
806 3111 887 3190 quod
905 3110 998 3172 homo
1018 3109 1252 3173 candidissimus
1275 3115 1313 3174 L.

210 3210 282 3270 Piso
296 3209 390 3286 Frugi
407 3208 442 3269 in
460 3205 633 3270 Annalibus
648 3207 781 3282 dixerat,
803 3207 1010 3269 adolescentes
1022 3214 1070 3268 sui
1082 3214 1227 3288 temporis
1242 3214 1316 3288 peni

211 3329 279 3371 esse
292 3305 507 3391 deditoleic.
530 3311 587 3392 Ep.
603 3310 642 3370 ad
663 3311 730 3370 Aa.
752 3309 810 3383 IX,
828 3308 880 3384 22,
904 3309 956 3391 qui
971 3309 1057 3374 locus
1072 3323 1155 3372 totus
1173 3310 1256 3372 lectu
1272 3311 1316 3370 di·
1425 3388 1429 3398 Ι

211 3409 315 3495 gnus),
325 3409 533 3493 expressitque
539 3409 626 3471 inani
640 3409 802 3472 uetustatis
812 3407 1177 3473 affectationcSallustius
1185 3410 1313 3472 Catilin.

213 3527 242 3570 c.
262 3505 313 3568 14.

259 3597 442 3692 [inserimus
451 3603 503 3665 hic
518 3601 561 3664 Μ.
578 3603 706 3689 Catonis
719 3602 850 3684 aequales
863 3601 1002 3663 seniores
1013 3613 1046 3662 et
1054 3601 1311 3666 minusillustres.

216 3705 262 3768 M.
278 3703 433 3766 Cornelius
447 3703 605 3786 Cethegus,
618 3727 646 3768 a.
663 3704 723 3768 549
733 3704 819 3775 Cos,
829 3703 934 3783 dequo
944 3701 1056 3765 Cicero
1066 3703 1100 3764 in
1109 3706 1205 3766 Bruto
1216 3724 1245 3766 c.
1261 3705 1312 3766 15:

214 3833 228 3864 a
244 3808 344 3891 Quem
360 3811 435 3868 vero
456 3820 565 3883 exstet,
583 3821 614 3870 et
632 3807 670 3868 de
692 3825 750 3888 quo
765 3805 806 3865 sit
820 3802 977 3865 memorie
990 3805 1156 3886 proditum,
1171 3805 1317 3884 eloquen-

212 3922 274 3972 tem
289 3909 379 3971 luisse
396 3921 428 3970 et
448 3909 493 3970 ita
517 3928 582 3973 esse
596 3909 746 3981 habitum,
768 3905 886 3988 primus
903 3916 949 3966 est
963 3905 1005 3964 M.
1025 3905 1121 3968 Corn.
1143 3904 1316 3984 Cetliegus,

213 4004 299 4088 cujus
312 4006 496 4088 eloquentie
511 4017 689 4078 emanator,
715 4015 747 4064 et
762 4003 894 4062 idoneus
905 4000 1044 4082 quidem,
1058 4019 1127 4063 mea
1142 4001 1315 4077 sententia,

213 4102 254 4184 Q.
275 4104 412 4183 Ennius,
427 4102 600 4186 praesertim
611 4119 703 4182 quum
714 4110 745 4162 et
757 4099 823 4181 ipse
836 4117 906 4160 eum
925 4095 1071 4171 audierit,
1094 4111 1126 4159 et
1144 4097 1260 4162 scribat
1277 4101 1316 4160 de
