2904 4838
626 365 689 436 187

136 509 190 561 pro.
205 499 227 550 L
249 497 371 566 Coesarc']
386 499 446 552 lluc
463 500 532 552 traxi
552 500 742 572 fragmentum,
762 499 839 572 cujus
857 499 1004 576 inscriptio¹
1015 501 1124 556 sortasse
1142 521 1202 557 cor·

175 593 253 653 rupta
266 593 316 642 est.
329 584 400 647 [Duo
409 581 484 634 codol.
493 583 597 636 Krchlii
606 601 681 655 quem
692 603 741 656 pro
754 583 844 654 quod]

142 715 285 782 Diomed.
302 739 336 802 p.
353 720 392 783 65
404 721 454 784 ed.
468 719 548 784 1526
563 743 572 782 ε
585 723 659 784 ldco
667 720 707 780 P.
719 721 829 784 huius
850 720 965 784 Caulius
984 721 1023 784 ad
1036 720 1200 803 populum:

6 857 8 882 t
104 819 160 882 Ex
172 819 230 881 loc
245 840 296 880 mc
308 841 397 900 spero
409 837 681 898 ostensurummon
693 836 900 886 ostensurum,

135 957 174 1009 P.
185 954 281 1011 Lucus
290 955 406 1025 Coilt'us]
426 969 551 1029 corrupta
562 958 730 1029 inscriptioet
748 975 780 1010 ex
792 959 926 1030 superiora
943 957 1115 1032 corrigenda:
1131 957 1204 1011 Idem

173 1042 260 1112 (Cato)
263 1059 314 1113 pro
325 1044 357 1095 L.
368 1043 482 1108 Cae'sare,
495 1043 551 1095 siva
566 1043 684 1096 Castu.

325 1244 378 1306 to.
402 1262 510 1307 ossrro
535 1263 651 1308 comas
673 1261 818 1310 nannius
842 1263 972 1310 sxucsn.
1227 1211 1272 1284 8⁰

142 1431 264 1501 Gallius
279 1436 323 1510 11,
342 1436 380 1498 14
395 1433 463 1498 :¹111
484 1435 567 1499 libro
591 1450 699 1501 vetars
718 1437 761 1500 Μ.
778 1437 917 1514 Catonia,
936 1437 989 1521 qui
1008 1435 1203 1511 inscribitur,
1272 1470 1274 1480 =

103 1532 549 1608 enarraturum-exulem,
576 1535 727 1619 scriptum
749 1533 898 1600 uicerat:
916 1536 1000 1620 Quid
1019 1542 1049 1598 ss·
1068 1539 1207 1604 radimo?

100 1634 185 1692 utun
195 1634 298 1710 capito
308 1629 442 1692 obcohuo
454 1636 582 1694 su'u'sscs
592 1629 610 1690 2

132 1765 161 1818 in
179 1764 261 1832 libro]
276 1766 295 1818 i.
312 1783 338 1818 o.
350 1739 476 1820 orationis.

138 1883 227 1960 caps'tc
239 1887 373 1956 otvotuto]
395 1888 466 1962 quod
483 1888 605 1958 fecerunt
622 1887 662 1942 rai
680 1889 799 1944 criminis
811 1889 942 1965 capitalis.
962 1887 1115 1958 [Sotium
1136 1909 1151 1944 a
1171 1892 1207 1944 si-

176 1983 257 2025 stere.
273 1971 309 2024 V.
331 1969 452 2024 Gellium
466 1972 485 2023 l.
496 1989 521 2025 o.
532 1973 561 2025 'et
571 1969 603 2024 ds
614 1991 642 2025 re
653 1970 794 2026 Heindorf.
807 1971 840 2026 ad
853 1973 945 2026 Horat.
961 1973 1016 2029 Sat.
1034 1993 1064 2048 p.
1080 1974 1129 2030 ¹92
1143 1977 1205 2044 sq.]

122 2096 304 2160 Priscian.
325 2098 379 2170 Vl,
398 2097 451 2174 18,
468 2117 501 2181 p.
524 2097 585 2164 285
599 2123 608 2160 ε
622 2098 701 2164 Cato
721 2100 868 2164 adversus
881 2097 1043 2164 Tiberium
1065 2100 1206 2185 Sempro·

101 2192 355 2353 ἓὶαῑιῧίξῒέἶίιωτ
371 2195 396 2258 S
397 2199 409 2256 ἰ
417 2209 521 2276 posset
530 2199 631 2258 auctio
634 2195 715 2279 fiori
725 2198 764 2258 ds
784 2199 903 2264 artibus
919 2201 989 2272 sats,
1002 2202 1093 2284 quast
1104 2198 1203 2279 sopol-

140 2425 269 2482 relatam
278 2427 300 2485 S
302 2467 311 2492 .,
324 2429 355 2481 t.
366 2433 377 2498 ]
390 2428 491 2483 Dubito
506 2447 540 2481 an
556 2429 580 2482 is
593 2429 630 2482 sit
641 2429 702 2482 rib.
720 2430 893 2503 Sempronius
908 2432 1019 2504 Longus
1032 2430 1128 2487 consul
1140 2433 1204 2485 anni

173 2513 236 2577 559,
248 2515 295 2583 qui
303 2529 424 2566 unacum
432 2514 544 2576 Catone,
558 2511 605 2566 ssd
617 2511 716 2566 frustra
724 2531 863 2566 consuram
871 2512 987 2584 patabat,
1001 2513 1061 2572 liv,
1072 2514 1202 2578 xxxix,

173 2598 218 2652 40.
233 2600 325 2656 Wass.
348 2598 380 2652 sd
398 2600 501 2670 Pragm.
520 2597 585 2652 hist.
603 2618 632 2670 p.
647 2598 699 2656 294
712 2598 755 2652 cd.
773 2600 885 2652 flaveio.
899 2597 977 2655 disits
993 2597 1103 2652 sllluns
1115 2600 1206 2658 nescio

172 2699 207 2733 an
224 2679 357 2753 intelligat
368 2679 564 2754 proconsulem,
580 2677 658 2751 cujus
671 2681 774 2755 legatus
784 2681 849 2734 Cato
864 2679 893 2731 in
906 2677 1018 2734 Thracia
1029 2691 1057 2737 ct
1071 2679 1104 2734 ad
1117 2682 1208 2734 Danu·

170 2763 247 2817 bium
261 2761 324 2828 fuit,
342 2774 410 2818 testa
424 2763 560 2820 Plutarch.
581 2764 640 2818 Cat.
655 2782 680 2824 o,
698 2764 740 2827 12,
759 2760 837 2835 cujus
850 2763 930 2818 ctiam
942 2760 1059 2835 elogium
1071 2761 1153 2817 habes
1166 2762 1206 2816 in

175 2851 238 2905 Vita
253 2849 374 2906 Marcelli
384 2869 408 2910 c.
422 2852 448 2906 5.
462 2873 476 2902 r
490 2853 530 2910 Do
547 2851 635 2924 priona
652 2851 712 2906 loco
729 2850 867 2906 Plutarchi
883 2851 1021 2906 consentio
1034 2850 1207 2924 eumdemque

177 2956 281 2992 mecum
288 2937 543 3012 significnthssius
550 2933 683 2992 hominem
693 2959 701 2991 r
710 2938 740 2991 in
749 2935 894 3010 posteriora
907 2950 996 2993 autom
1007 2937 1066 2993 loco
1078 2936 1218 2996 aliterrcs‘

176 3037 205 3075 so
219 3019 302 3074 lrabct
315 3041 322 3071 ι
337 3021 367 3074 in
381 3039 413 3074 co
423 3020 498 3087 onim
511 3021 636 3076 Tiberius
649 3018 822 3093 Sempronius
832 3019 981 3089 Gracchus,
995 3021 1043 3092 qui
1057 3019 1204 3076 secundum

172 3105 469 3178 consulatungsssita.
478 3108 513 3161 U.
528 3106 590 3172 590,
602 3105 875 3180 patchrsonhot'um,
883 3106 1206 3180 tonitrium-Quando

172 3201 262 3243 autern
274 3187 448 3261 Sempronius
460 3187 617 3256 erubuerit,
635 3190 738 3263 ignoro.
754 3189 889 3242 Weberus
907 3207 965 3244 cam
979 3189 1123 3245 orationem
1142 3209 1206 3246 csn·

173 3271 252 3328 soriis
272 3270 457 3326 adnumeravit
471 3291 501 3344 p.
524 3273 568 3326 tt.
591 3271 730 3338 [Ceterum
743 3270 850 3326 Gellius
866 3290 900 3328 ex
911 3272 971 3345 ipso
989 3271 1080 3346 codics
1096 3271 1207 3328 Catonia
1315 3271 1319 3282 “

174 3354 285 3420 titulum
296 3353 386 3415 affert,
400 3371 454 3426 quo
467 3349 550 3428 major
564 3353 590 3406 ci
601 3352 667 3410 fidos
680 3352 813 3415 habenda,
825 3365 853 3406 st
861 3351 1005 3408 ridendum
1017 3372 1052 3408 ns
1066 3354 1134 3408 forts
1147 3351 1206 3410 duc

175 3437 307 3491 orationes
319 3437 472 3504 dicantur]

135 3557 326 3632 supellectilia]
339 3561 491 3618 Priscianus
501 3558 694 3620 nominativum
706 3558 844 3634 intelligit,
854 3578 904 3634 ego
911 3563 1002 3633 potius
1010 3557 1166 3632 genitivum,
1174 3572 1206 3620 ut

172 3648 208 3702 sit
220 3643 301 3719 quasi
305 3647 475 3718 supellectilis
476 3645 549 3720 ficri
557 3647 624 3706 solet
636 3645 738 3710 mistro,

227 3858 282 3922 77.
304 3875 435 3928 curonis„
451 3879 563 3928 onsrro
587 3879 667 3923 arun
689 3873 836 3922 csnsoans
858 3877 890 3920 rs
914 3873 1080 3920 urrunnu.
1121 3919 1122 3924 ,

143 4044 264 4112 Gallius
276 4051 317 4126 V,
335 4049 372 4112 13
384 4070 393 4109 r
407 4050 450 4111 M.
465 4050 544 4114 Cato
555 4047 589 4114 in
603 4048 757 4126 orations,
770 4068 862 4133 quam
876 4049 955 4112 dixit
964 4049 1045 4134 apud
1056 4065 1210 4118 conwres.

99 4150 134 4214 in
147 4147 307 4240 Lentulum
309 4197 322 4230 s.
342 4152 386 4214 ita
406 4149 552 4238 scripsit:
575 4151 672 4232 Quod
682 4151 819 4240 nsap'orcs
831 4157 966 4217 sanctius
979 4149 1128 4228 tabuere,
1152 4150 1202 4216 do·
