2904 4840
789 365 854 439 132

268 511 392 589 paulum
411 505 708 576 coderllasileensis
726 511 775 570 De
789 509 891 570 nitter.
912 510 1033 580 Isidori,
1053 527 1143 590 quiem
1157 505 1292 571 Orellins
1308 523 1378 565 mev-

267 629 337 674 cum
350 608 610 709 communicapiu
624 607 669 672 ihi
683 612 767 674 enim
780 612 931 691 legimns:
949 611 1047 668 Ah'nd
1061 627 1118 683 est,
1137 611 1231 694 timuit
1252 606 1346 667 Gotho
1358 648 1375 674 ,

264 711 400 792 philippi
423 731 514 774 nmor-
525 712 615 794 lohge
625 713 713 773 attat
722 727 768 774 est
778 714 899 791 cupido.
911 717 1045 772 accessit
1059 713 1143 773 illico
1152 709 1282 770 alteribt
1292 709 1381 768 alter

230 884 232 892 s
267 819 406 888 recessit,
426 814 507 873 alter
516 813 622 885 bonus,
635 814 714 874 alter
726 814 838 876 malus.
852 812 954 877 Codex
969 815 1052 896 apud
1066 811 1241 883 Barthlnm,
1256 808 1291 872 in
1309 811 1379 872 hd-

266 931 349 974 vers.
367 909 516 987 xxxix,
534 914 552 974 6
568 912 677 974 tl'nter
692 933 756 974 am.
774 925 804 972 et
825 931 894 990 cup.
911 910 999 970 atad
1009 927 1066 982 est,
1087 908 1287 996 inquirente.
1298 906 1380 966 Phi·

265 1013 352 1091 lippt'.
366 1012 472 1073 Amor
485 1015 579 1092 longe
597 1012 683 1072 attur
696 1025 742 1072 est
754 1014 875 1092 cupido.
896 1016 1027 1084 accessit
1041 1011 1124 1072 illico
1134 1009 1223 1082 alter,
1240 1008 1287 1068 ibt
1298 1008 1379 1067 alter

266 1113 406 1174 recessit.
433 1111 480 1173 hc
499 1109 606 1174 nescio
631 1129 672 1171 an
691 1108 820 1172 Catonis
833 1111 919 1172 locus
934 1107 981 1172 sic
996 1111 1146 1190 legendus
1159 1109 1201 1170 sit
1214 1128 1229 1169 ε’
1242 1133 1256 1162 ε
1278 1106 1379 1164 Aliud

266 1221 323 1283 est,
333 1207 437 1289 inquit
444 1206 535 1284 Cato,
546 1207 689 1286 Philippo
691 1249 704 1276 ,
717 1228 816 1277 amor,
832 1209 926 1286 longe
942 1207 1083 1269 alirtd'est
1095 1207 1201 1286 capulo
1215 1229 1226 1264 .·
1241 1208 1377 1264 necessit

267 1305 350 1366 illico
360 1306 449 1376 alter,
465 1306 516 1366 ubi
526 1305 602 1364 alter
614 1309 762 1364 recessit:
780 1304 859 1362 alter
872 1303 981 1378 boam,
998 1305 1078 1364 alter
1099 1305 1209 1364 malos.
1229 1294 1294 1388 [lta
1305 1301 1379 1362 eod.

266 1405 387 1478 Paris,
419 1401 483 1465 nisi
499 1404 592 1483 quod,
618 1421 676 1485 per
698 1401 991 1482 interpolationem,
1013 1401 1103 1482 longe
1128 1421 1214 1476 onan
1237 1390 1380 1483 cupido}

267 1507 305 1564 ln
320 1503 463 1565 hocloco
482 1501 633 1564 orationis
648 1502 688 1562 ad·
702 1501 876 1584 Philippum
898 1521 932 1562 se
947 1512 1137 1567 convertens
1148 1501 1227 1563 Cato
1246 1517 1380 1580 pravom

266 1603 333 1683 ejus
353 1623 491 1666 amorem
506 1602 703 1686 perstringit,
724 1602 796 1682 qnia
811 1614 924 1666 auctor
938 1602 996 1663 luit
1015 1601 1146 1684 Quintio
1159 1596 1379 1664 committendi

266 1704 427 1768 facinoris.
605 1790 607 1802 Κ

611 1819 660 1880 te.
686 1837 796 1880 ostric
816 1841 844 1882 m
864 1837 1025 1881 ursimus.

312 2024 394 2089 Plut,
406 2023 483 2088 Cato
498 2047 525 2087 c.
548 2025 584 2086 17
601 2023 719 2086 relect:
741 2025 825 2075 Ἄλλον
848 2021 875 2074 di
899 2024 984 2087 βουλῆς
1006 2019 1132 2084 diffinies,
1166 2017 1306 2100 inperciens
1332 2016 1381 2068 ἐπί·

269 2123 338 2186 δὀξον
352 2125 419 2189 ὄντα,
441 2124 587 2188 Μανίλλιον,
601 2124 637 2176 ὅτι
656 2125 698 2181 τὴν
712 2125 785 2175 αὐτοῦ
799 2125 906 2196 γυναῖκα
920 2122 972 2192 μεθ’
986 2123 1078 2192 ἡμέραν
1100 2119 1190 2191 ὁρώσης
1206 2125 1248 2178 τῆς
1263 2117 1384 2190 θυγατρὸτ

269 2222 435 2292 κατεφίλησεν·
457 2225 522 2293 αὐτῷ
537 2220 561 2272 d'
576 2223 676 2290 ἔφητὴν
694 2224 799 2294 γυναῖκα
820 2219 944 2291 predicere
961 2221 1023 2277 πλὴν
1043 2219 1143 2291 βροντῆς
1160 2217 1268 2292 μεγάλης
1281 2218 1381 2290 γινομέ-

269 2341 308 2380 νης
328 2324 517 2391 περιπλακῆναι.
529 2317 580 2370 Καὶ
599 2317 663 2389 μετὰ
680 2315 782 2378 παιδιᾶς
803 2320 876 2372 εἰπεῖν
898 2320 984 2383 αὐτὸν,
1004 2321 1035 2378 ὡς
1058 2314 1182 2389 μακάριός4
1196 2319 1244 2368 ἔστι
1263 2319 1308 2368 τοῦ
1329 2315 1381 2372 Διὸς

271 2431 423 2505 βροντῶντος.
440 2417 519 2501 Quis
533 2417 574 2480 sit
589 2417 642 2480 ille
656 2416 813 2492 Manilius,
835 2420 959 2498 ignoro.
977 2415 1104 2496 Pighius
1119 2413 1240 2498 quidem
1260 2413 1380 2474 hnnal.

271 2518 333 2578 vol.
347 2519 392 2592 ll,
409 2537 440 2600 p.
461 2515 522 2576 326
536 2516 575 2576 atl
593 2517 632 2577 A.
645 2517 687 2582 U.
705 2516 779 2588 571,
800 2515 837 2575 P.
851 2515 1001 2577 Manlium
1020 2515 1199 2584 Vulsonem,
1215 2521 1382 2592 praetorem

272 2613 350 2676 enni
358 2613 420 2678 572
437 2610 524 2692 (6Ὴ)
545 2611 705 2692 intelligit.
727 2612 799 2684 llic,
818 2613 873 2687 ait,
887 2609 989 2674 videri
1002 2610 1135 2672 Manlius
1149 2607 1276 2690 poterit,
1292 2627 1381 2688 quern

270 2713 366 2774 refert
381 2711 568 2774 Plutarchus
580 2731 599 2773 a
613 2709 761 2774 Catonee
772 2722 882 2772 senatu
895 2723 1024 2782 motum,
1041 2707 1087 2770 uti
1101 2719 1268 2790 praeturam
1279 2707 1385 2767 denuo

270 2810 476 2891 recuperandi
491 2807 559 2889 eius
575 2809 694 2906 ordinis
706 2828 798 2870 causa
812 2807 976 2891 repetiisse
990 2803 1169 2889 conjiciam.

621 3009 671 3068 16.
701 3029 811 3072 onemo
843 3032 872 3073 m
897 3027 1042 3073 naerens.

234 3246 235 3254 ,
315 3191 429 3256 Utrum
443 3187 478 3249 in
493 3187 659 3262 Nasicam,
679 3209 720 3269 qu
734 3188 854 3252 minter
877 3186 1008 3248 orarios
1029 3186 1192 3260 retulerat,
1209 3183 1384 3248 orationem

272 3283 432 3359 habuerit,
446 3283 565 3366 ambigi
577 3299 692 3368 potest.
702 3287 844 3351 Certe-id
855 3285 942 3362 fecit,
958 3284 985 3346 si
999 3281 1113 3347 Nasica
1129 3295 1182 3346 ant
1195 3295 1385 3346 senatorem

201 3401 247 3470 30
273 3404 367 3465 eques
379 3394 472 3444 erat:
493 3403 565 3444 nam
589 3384 624 3446 in
645 3405 698 3448 eos
717 3387 849 3448 acerbas
874 3383 1035 3445 orationes
1055 3401 1113 3464 pro
1135 3381 1286 3443 concione
1308 3380 1386 3444 dixit

273 3485 363 3547 Liuio
382 3495 521 3547 auctore.
544 3486 606 3548 Sed
628 3489 667 3548 de
687 3487 799 3550 Nasica
817 3485 918 3558 nihil,
943 3493 1038 3565 atque
1060 3503 1101 3545 nc
1122 3501 1236 3544 nomen
1262 3483 1384 3563 quidem

273 3593 405 3646 censet.
422 3581 553 3646 Codices
563 3585 647 3646 enirn
659 3581 820 3646 Ciceronis
839 3583 888 3644 De
898 3582 988 3646 Orat.
1003 3581 1045 3656 ll,
1062 3579 1117 3649 64,
1134 3579 1216 3644 260:
1238 3581 1381 3644 litdicrtde

272 3684 368 3738 etiam
388 3679 467 3739 illud
481 3679 521 3740 P.
543 3679 656 3740 Nasica
677 3684 799 3741 censori
821 3678 953 3756 Catoni,
974 3674 1133 3763 qaomtlte
1153 3679 1200 3740 Ex
1219 3678 1266 3739 tui
1283 3677 1380 3742 animi

273 3779 430 3845 sententia
441 3793 475 3844 tu
491 3801 620 3844 uxorem
635 3779 751 3842 habesl
772 3783 842 3844 Non
853 3781 1000 3855 Hercule,
1026 3784 1135 3864 inquit,
1154 3799 1196 3842 ex
1208 3777 1275 3844 ineiv
1284 3775 1380 3843 animi

275 3889 470 3962 sententia„
484 3885 522 3946 t.
532 3885 664 3944 Porcius
675 3884 806 3962 Nasica,
818 3883 971 3968 prebent.
983 3884 1061 3948 Cum
1071 3899 1176 3948 autem
1184 3875 1313 3948 Nasica
1323 3899 1384 3948 noa

275 3985 512 4056 anrciissint,
535 3982 760 4046 emendabatur
773 3984 813 4046 ah
833 3977 902 4046 aliis
916 3984 955 4044 L.
975 3985 1093 4048 Nasica
1112 3986 1233 4047 Porcio
1252 3986 1384 4056 censori,

275 4105 293 4142 a
307 4083 417 4162 Pighio
435 4081 475 4142 ad
489 4097 605 4140 annum
619 4081 679 4142 569
703 4082 739 4140 1..
768 4081 897 4141 Porcina
908 4083 1002 4143 Lacca
1014 4087 1135 4142 censori
1163 4082 1273 4142 Catoni
1281 4109 1297 4158 ,-
1314 4080 1384 4142 alio·

276 4179 554 4262 rumconjectnras
576 4179 695 4244 omitto.
720 4182 919 4274 Henrichscn'
939 4183 1014 4262 legit
1030 4182 1180 4242 sta'd'cnle
1201 4187 1294 4242 etiam
1317 4181 1392 4240 illud.
