2934 4846
610 338 652 408 37

86 471 196 540 Scauri
205 495 298 559 opera
307 477 403 539 mtdta
414 477 518 560 populi
532 477 660 541 nonani
669 494 757 540 sacra
768 475 933 540 obliterata
947 485 999 538 aut
1012 493 1118 536 eversa
1131 473 1177 536 di·

86 585 245 634 cerentur.
264 572 394 638 siccae.
418 575 473 638 Or.
498 593 555 657 pro
581 575 684 639 Deiot.
708 595 738 637 c.
757 576 808 650 11,
839 577 1000 636 et'Ascon.
1022 591 1054 653 p.
1071 571 1108 631 'll
1127 574 1175 634 ed.

85 669 185 735 Orell.
205 673 321 736 Omnes
337 673 490 757 popularis
509 673 651 738 factionis
671 675 881 758 bumineshac
907 675 941 736 in
957 691 1049 735 causa
1070 682 1179 732 contra

85 771 257 833 Domitium
267 774 386 836 stetisse
396 774 535 837 Valerius
543 776 667 856 scripsit
680 777 768 850 vlu,
786 778 816 848 5,
834 775 869 850 23
887 774 1036 854 aqrol,
1055 772 1086 842 5,
1097 770 1129 839 52
1142 768 1180 830 de

84 869 219 931 Domitii
239 871 353 932 actoris
371 873 506 932 candore
521 883 554 933 et
569 869 687 953 justitia
708 874 891 944 edocemur3
915 870 1065 932 Asconius
1078 875 1181 927 autem

82 967 245 1030 iulensiiu
256 971 404 1032 Scaurum
419 972 516 1032 animi
530 989 652 1032 eausam
668 971 822 1031 memoriae
831 969 976 1050 prodidit.
995 971 1072 1031 dcta
1087 983 1181 1028 causa
1210 1043 1214 1050 ι

82 1079 131 1128 est
145 1087 178 1128 a.
194 1067 264 1142 649,
280 1067 317 1131 C.
329 1069 476 1142 Mariull,
490 1067 527 1129 C.
540 1067 645 1128 Flavio
654 1066 796 1127 Fimbria
810 1065 926 1127 Coss...
943 1061 995 1148 [V.
1009 1066 1049 1125 11.
1061 1085 1093 1146 p.
1106 1065 1180 1126 128-

85 1163 177 1255 tto]
197 1168 267 1230 Non
280 1167 469 1228 ineruditum
480 1166 571 1227 fuisse
580 1167 740 1240 Scaurum,
753 1164 892 1245 quamvis
901 1183 964 1226 non
977 1163 1181 1226 Ciceroniano

83 1285 185 1339 more,
208 1287 248 1328 ex
268 1266 426 1328 scribendi
439 1266 620 1347 dicendique
634 1265 699 1348 ejus
712 1265 811 1327 studio
824 1278 931 1347 patere
952 1265 1085 1326 uidetur.
1101 1264 1181 1324 Pre-

81 1375 132 1426 ter
147 1364 307 1426 orationes
327 1363 409 1425 enim
424 1364 574 1426 notissimi
588 1375 659 1425 sunt
681 1377 746 1426 tres
766 1363 817 1424 Dc
836 1367 903 1421 vita
922 1383 977 1422 suu
989 1363 1031 1420 ud
1041 1361 1080 1421 L.
1096 1361 1181 1441 Fufi-

83 1464 171 1521 dium
193 1461 279 1535 libri,
299 1481 390 1543 quem
404 1460 552 1524 Fufidium
566 1463 649 1524 Plin.
664 1465 703 1524 H.
723 1465 761 1524 N.
776 1461 928 1536 XXXIII,
949 1462 979 1537 1,
992 1461 1106 1522 ueteris
1119 1459 1181 1520 fru-

84 1560 370 1642 galitatisexemplo
379 1557 473 1624 luisse
482 1560 596 1622 laudat.
609 1561 712 1622 Pauca
727 1563 861 1640 quedam
876 1559 976 1620 3111113
989 1559 1089 1633 1111113,
1108 1574 1182 1638 quos

84 1654 198 1718 Cicero
218 1657 314 1716 Bruto
335 1675 364 1718 c.
388 1657 440 1728 29,
460 1653 684 1738 Xenophonteo
706 1656 784 1740 Gyri
803 1655 975 1737 Disprliua
993 1657 1074 1717 haud
1092 1656 1182 1736 paulo

83 1755 226 1818 utiliores
239 1769 325 1818 recte
339 1757 498 1839 predicat,
516 1759 596 1838 apud
607 1760 716 1823 Valer.
732 1759 817 1818 Max.
834 1757 890 1830 IV,
915 1756 946 1827 4,
967 1756 999 1814 11
1013 1781 1022 1832 ;
1038 1755 1178 1816 Frontin.

84 1854 273 1931 Strategem.
297 1855 352 1931 tv,
379 1855 483 1930 3,13;
500 1856 589 1918 Serv.
602 1858 641 1917 ad
656 1855 749 1933 Virg.
764 1856 835 1915 AEn.
851 1853 926 1926 XII,
945 1853 1005 1916 120
1018 1875 1026 1926 3
1039 1853 1179 1913 Diomed.

85 1949 110 2019 l,
138 1969 171 2030 p.
191 1949 264 2022 311,
288 1949 361 2024 313,
379 1952 455 2025 3813
482 1952 603 2014 Charis.
629 1954 663 2028 1,
690 1974 722 2035 p.
755 1953 825 2028 119,
847 1963 1020 2034 supersunt.
1043 1948 1184 2012 Meminit

85 2045 181 2108 ctiam
195 2047 321 2110 Tacitus
335 2049 486 2127 Agricolae
499 2050 600 2112 initio.

128 2145 179 2208 De
192 2145 334 2208 laudibus
342 2146 451 2209 Scauri
466 2147 623 2220 oratoriis,
640 2148 783 2228 quoniam
801 2159 960 2210 auctorum
970 2157 1084 2228 preter
1097 2145 1182 2204 Cice·

88 2263 199 2306 13113111
211 2242 323 2324 (Brut.
336 2269 364 2308 c.
376 2247 428 2322 29,
442 2247 504 2309 Pro
517 2248 596 2308 lllur.
610 2265 641 2308 e.
653 2248 690 2322 I)
707 2246 862 2308 silentium
873 2259 931 2318 est,
943 2245 1049 2328 paucis
1059 2241 1183 2322 defungi

86 2343 171 2407 licet.
191 2347 378 2425 legentibus
395 2347 478 2410 enirn
502 2348 584 2408 locos
606 2347 826 2410 Ciceronianus
844 2360 940 2430 patet,
957 2347 1019 2409 viri
1032 2343 1183 2426 principis

88 2447 275 2521 grauitatem
287 2459 319 2508 et
339 2448 534 2528 prudentiam
547 2447 582 2507 111
596 2445 786 2507 orationibus
808 2467 983 2528 expressam
1003 2445 1106 2517 luisse,
1130 2443 1183 2504 sed

89 2563 157 2607 cum
170 2567 273 2628 neque
282 2568 334 2609 ars
349 2568 448 2630 neque
455 2560 706 2610 ornamentorum
719 2546 874 2609 lenocinia
885 2549 1030 2620 inessent,
1043 2544 1183 2623 exempla

89 2644 126 2704 ab
141 2644 181 2706 iis
199 2655 235 2704 ut
249 2645 480 2707 desumerentur
494 2644 563 2708 lieri
579 2665 641 2706 non
654 2654 798 2724 poterat,
824 2663 919 2724 qnare
940 2644 1020 2726 apud
1032 2640 1185 2720 sequentis

89 2745 186 2806 etatis
201 2758 343 2808 auctores
354 2746 504 2807 memoria
514 2743 580 2826 ejus
593 2757 731 2805 emortua
745 2755 801 2804 est.

130 2843 183 2906 30.
208 2844 397 2927 Adjungitur
418 2846 534 2909 Scauro
559 2843 650 2905 annis
665 2855 734 2904 octo
754 2842 851 2906 ferme
872 2843 977 2904 minor
991 2843 1032 2905 P.
1059 2844 1185 2903 Rutilias

90 2941 142 3018 Sp.
156 2945 198 3003 F.
210 2946 266 3022 Sp.
281 2942 318 3004 N.
333 2945 440 3024 Rufio.
454 2946 553 3006 Fuere
570 2945 653 3004 enim
667 2941 839 3024 complures
854 2945 890 3004 P.
914 2943 1033 3016 Rutilii,
1051 2945 1130 3006 alter
1145 2943 1181 3003 P.

90 3036 123 3098 F.
137 3040 174 3102 P.
189 3041 244 3111 N„
265 3041 344 3101 alter
357 3042 394 3100 P.
411 3042 445 3101 F.
468 3043 505 3102 L.
521 3041 561 3102 N.
580 3041 726 3102 Meudose
739 3053 876 3103 nostrum
889 3041 1061 3121 Glandorp.
1077 3043 1119 3101 Μ.
1146 3040 1181 3100 F.

91 3147 198 3214 uocat,
229 3135 483 3214 redarguentibus
507 3135 711 3198 marmoribus
734 3136 1077 3218 Cantobennum
1102 3136 1183 3205 viro,

93 3233 176 3317 cujus
190 3238 288 3299 multa
307 3251 355 3299 est
369 3251 400 3300 et
414 3238 537 3316 egregia
553 3237 632 3318 apud
651 3252 771 3300 ueteres
784 3238 916 3311 mentio,
940 3250 1053 3318 praetcr
1068 3256 1105 3298 ea
1120 3255 1185 3318 quae

92 3329 175 3395 Voss.
192 3335 324 3398 Debist.
348 3336 416 3396 Lat.
430 3353 462 3416 p.
489 3333 541 3409 39,
566 3347 598 3394 et
611 3335 659 3398 De
679 3334 752 3396 hist.
768 3337 872 3398 Graec.
895 3353 927 3415 p.
947 3335 1183 3409 110,·‘etGIan·

93 3427 177 3513 dorp.
202 3433 384 3514 1.·e.qnasi
403 3453 458 3516 per
482 3446 618 3495 saturam
636 3446 867 3514 congesserunt,
893 3435 985 3515 paulo
1007 3430 1183 3493 distinctius

93 3527 151 3604 egit
161 3531 356 3596 Wernsdorl.
383 3533 421 3592 ad
435 3533 535 3594 Poett.
549 3535 618 3596 Lat.
635 3531 713 3593 min.
726 3533 796 3594 vol:
805 3537 844 3607 V,
860 3545 951 3614 parte
959 3533 995 3604 -1,
1010 3550 1042 3612 p.
1064 3529 1103 3590 28
1114 3547 1180 3610 sqq.

99 3615 169 3708 [vol.
183 3630 239 3703 IV,
253 3627 339 3709 psat
358 3644 424 3709 sqq.
439 3631 486 3692 ed.
500 3623 665 3717 1311111111,
691 3629 763 3690 dum
779 3630 929 3692 Rutilium
943 3626 1184 3691 Numantianum

93 3721 297 3790 illustraturus
309 3729 442 3811 reliquos
456 3729 592 3813 ejusdem
613 3730 747 3793 nominis
761 3731 846 3794 viros
856 3731 999 3793 breviter
1010 3742 1182 3812 percenset.

94 3819 151 3882 Sed
163 3827 257 3888 etiam
268 3826 377 3888 abhuc
388 3841 534 3906 congesta
546 3826 653 3908 augeri
663 3829 831 3908 postulant.

133 3918 574 4006 P.Rutt1iuspanepraetono
598 3939 688 3987 natus
705 3925 745 3987 ab
758 3926 885 3988 ineunte
896 3935 986 3986 [etate
997 3945 1065 3988 eam
1085 3937 1184 3986 osten·

95 4009 171 4073 disse
183 4017 299 4098 ingenii
308 4019 486 4083 felicitatem
496 4019 632 4096 videtur,
656 4042 718 4104 qua
736 4041 856 4086 morum
873 4023 977 4104 prisca
988 4021 1184 4101 simplicitate

47 4117 52 4124 ’
93 4105 196 4187 Iuncta
210 4119 298 4198 paulo
315 4134 382 4202 post
395 4125 560 4206 etqualibus
577 4123 797 4186 Iereomnibus
812 4114 963 4204 prestitit.
994 4116 1185 4196 Integritatis
