2934 4846
657 338 701 410 35

180 479 231 544 28.
254 479 344 542 Haud
356 477 487 540 multum
497 477 604 544 saltem
615 474 794 540 Gracnlium
807 484 898 538 aetote
907 433 1090 540 5515555555
1102 495 1172 542 cum
1187 498 1226 542 eo

2 613 3 626 1
138 578 316 643 aCioerone
326 579 470 662 jungitur
481 577 532 642 M.
547 577 695 638 AEmilius
708 575 851 636 Scaurus.
868 575 916 640 De
929 593 990 659 quo
1001 593 1067 656 qum
1079 576 1227 658 singulari

136 679 241 744 libello
255 681 398 745 Bromius
416 679 490 744 dixit
511 679 545 740 in
565 676 702 740 Historia
723 675 895 740 Academiae
916 675 1000 742 Gall.
1022 676 1180 762 lusorium,
1196 691 1227 744 ot

135 782 211 844 Litt.
226 781 326 862 olegg.
341 782 401 844 vol.
418 780 534 852 XXIV,
551 800 581 862 p.
601 778 737 844 235260
753 784 806 856 (ut
814 779 957 844 vossium
971 787 1092 844 taceam
1102 775 1226 840 Dehist.

136 879 205 941 Lat.
217 897 249 960 p.
267 877 336 962 38),
350 889 476 942 eatenus
489 879 523 940 in
534 897 601 940 rem
616 888 752 940 nostram
762 888 989 948 eonvertemus,
1005 893 1064 956 qua
1079 892 1151 936 eum
1161 893 1230 958 pro·

137 973 237 1056 posito
252 985 355 1038 nostro
365 975 536 1038 convenire
545 975 597 1038 vel
610 992 719 1038 errore
728 971 873 1034 laborare
884 971 1041 1036 videntur.
1055 970 1154 1058 Hujus
1164 991 1229 1036 ma-

122 1065 239 1152 'jorum
253 1075 355 1156 culpa,
378 1086 413 1136 ur
423 1073 592 1138 multorum
610 1069 736 1154 patricii
750 1068 873 1148 generis
885 1069 1055 1146 hominum,
1071 1070 1116 1134 ita
1126 1069 1231 1154 janue·

135 1187 185 1235 rat
201 1175 298 1236 honos
312 1189 345 1236 et
361 1172 486 1236 lortuna
499 1170 686 1244 domestica,
710 1181 743 1229 ut
763 1188 862 1252 neque
882 1157 972 1252 pater
986 1191 1086 1252 neque
1100 1192 1176 1236 avus
1189 1175 1229 1236 ad

136 1271 353 1352 magistratum
375 1271 541 1352 petendum
558 1267 742 1344 accederet,
770 1278 803 1330 et
824 1266 876 1330 515
897 1265 1086 1332 carbonario
1110 1261 1234 1350 neg'otio

135 1379 259 1450 partam
281 1366 421 1448 exiguam
444 1365 508 1428 lilio
523 1363 688 1450 pecuniam
710 1361 910 1444 relinqueret.
934 1361 1012 1426 Vide
1035 1361 1062 1426 si
1082 1364 1162 1426 tanti
1186 1376 1232 1426 eet

135 1465 202 1530 Cio.
224 1465 281 1531 Or.
296 1484 354 1549 pro
368 1468 448 1528 Mur.
468 1486 496 1528 5.
514 1464 546 1540 l,
572 1467 685 1531 55555.
709 1463 748 1526 ad
773 1461 832 1527 Or.
854 1481 911 1548 pro
924 1462 1044 1530 Scauro
1065 1483 1097 1543 p.
1122 1463 1162 1529 22
1180 1463 1228 1528 ed.

134 1568 345 1642 0oe11.,P1ut.
367 1569 415 1632 Do
434 1567 571 1632 fortitud.
593 1568 683 1630 Rom.
705 1566 751 1640 11,
765 1584 798 1648 p.
817 1563 896 1640 316,
910 1563 946 1628 C.
961 1563 1233 1646 toounnssimus

135 1665 273 1728 omnium
288 1668 376 1730 testis
395 1678 444 1730 eet
456 1664 598 1729 Valerius
613 1661 763 1726 Maximus
776 1663 835 1733 lV,
852 1661 893 1734 1,
920 1662 979 1736 11,
1004 1662 1099 1746 ipsius
1120 1661 1231 1726 Scauri

132 1749 371 1832 Commentariis
392 1786 476 1830 uano.
494 1767 609 1828 Natum
629 1764 781 1829 Scaurum
795 1762 871 1827 dioit
884 1762 1024 1827 Bromius
1037 1783 1067 1826 a.
1084 1765 1156 1837 590,
1179 1763 1229 1826 Ti.

131 1867 285 1941 Graocho,
303 1869 345 1928 Μ.
362 1865 516 1930 Juvenoio
529 1865 630 1938 Gaas„
648 1863 825 1942 nescioquo
839 1873 1021 1942 argumento
1035 1860 1135 1924 nixum.
1152 1863 1231 1924 Nom

133 1975 263 2042 quaestor
278 1983 347 2026 oum
361 1964 505 2026 videatur
519 1980 602 2024 anno
620 1973 693 2024 ante
712 1959 891 2024 Gracchum
912 1959 1014 2036 tuisne,
1031 1978 1062 2022 a.
1076 1959 1149 2036 626,
1168 1977 1231 2022 555

134 2075 208 2128 ante
222 2085 253 2128 5.
267 2065 328 2132 593
341 2079 395 2130 aut
405 2067 465 2133 595
476 2075 584 2128 natum
591 2063 778 2129 censuerim.
793 2061 933 2126 Sedoum
947 2061 1081 2144 primum
1090 2074 1232 2142 macuta·

1 2217 2 2220 ,
39 2241 43 2248 .
135 2152 217 2222 riam
227 2159 360 2239 15515555,
376 2182 448 2228 mox
460 2157 719 2241 ardemingenio,
735 2159 852 2238 gravia
870 2171 970 2224 teonn
983 2158 1121 2225 adamat
1132 2159 1229 2224 virtu·

135 2256 178 2320 tis
189 2259 382 2324 simulatione
397 2279 518 2326 ntorum
531 2258 608 2324 vitia
622 2257 833 2332 abscondens,
858 2268 987 2339 repento
1009 2268 1160 2340 ooooepta
1176 2277 1230 2340 spe

1 2431 2 2444 2
133 2354 174 2419 ad
187 2374 307 2419 summa
317 2357 460 2432 tetendit,
479 2369 631 2436 questura
643 2365 743 2436 gestan
757 2375 786 2416 a.
799 2353 861 2421 636
869 2353 966 2416 551115
978 2350 1076 2416 notos
1085 2364 1144 2428 ast,
1157 2373 1228 2426 nec,

131 2475 202 2521 euin
220 2458 306 2522 renui
323 2477 358 2521 re
379 2479 399 2520 n
420 2457 591 2538 sumptibus
604 2453 754 2520 iaciendis
769 2453 985 2529 5551555555,
1009 2453 1127 2518 aeriter
1143 2466 1231 2538 gesta

132 2554 221 2619 urhis
239 2576 316 2618 cura
332 2569 365 2622 et
378 2557 498 2620 assidue
512 2555 642 2623 dicendo
661 2552 733 2632 jure
748 2555 851 2620 murus
866 2554 972 2636 populi
984 2553 1231 2620 benevolentiam

135 2652 264 2727 meruit,
281 2671 373 2732 quam
389 2655 532 2718 ludorum
545 2649 776 2731 magnificentia
789 2651 949 2731 potuisset·
972 2651 1088 2715 Pretor
1103 2670 1133 2712 a.
1151 2651 1229 2728 633,

133 2751 241 2814 555551
253 2770 326 2814 cum
336 2752 379 2814 Μ.
398 2751 522 2814 Caecilio
532 2747 656 2812 Metello
668 2746 725 2810 fuit
742 2767 773 2808 a.
791 2747 864 2822 638,
892 2767 963 2812 num
982 2767 1037 2810 auo
1054 2767 1137 2810 anno
1149 2747 1231 2830 deje·

131 2860 200 2911 olm
215 2861 295 2912 oront
315 2867 335 2912 a
349 2849 390 2931 Q.
408 2847 543 2912 Maximo
556 2844 634 2911 etC.
652 2844 772 2910 Licinio
788 2844 875 2928 (Cio
889 2847 952 2910 Pro
966 2846 1088 2912 Moron.
1111 2866 1140 2907 5.
1163 2847 1229 2924 11).

133 2947 208 3008 Jem
225 2957 292 3026 tnm
304 2946 465 3025 iungentum
483 2943 551 3025 ejus
565 2943 678 3009 lamam
696 2941 788 3006 luisse
801 2963 929 3010 5555555
945 2957 1093 3021 5555515
1114 2944 1235 3032 inipso

133 3045 306 3121 consulatu,
323 3049 402 3128 quod
413 3045 532 3110 nomini
547 3057 660 3127 praeter
671 3046 754 3108 5555
768 3044 909 3126 contigit,
930 3049 998 3110 al.
1017 3045 1151 3124 Metello,
1168 3045 1228 3110 Cn.
1304 3124 1312 3132 υ

132 3143 271 3209 Domitio
286 3143 373 3208 Coeo.
388 3144 534 3226 prinoepo
553 3154 678 3209 sanatur
690 3143 860 3221 legeretur.
874 3144 922 3208 Do
936 3144 996 3208 555
1013 3142 1175 3211 55555155
1196 3162 1227 3206 v.

133 3240 242 3306 Aurel.
266 3241 349 3304 Viot.
365 3240 412 3304 De
433 3240 510 3312 uitio
524 3239 636 3306 illustr·
652 3261 681 3304 5.
699 3240 752 3314 12,
772 3238 840 3307 Cic·
854 3241 904 3304 Do
922 3253 990 3306 nat.
1007 3240 1094 3307 deor.
1112 3242 1158 3318 11,
1174 3239 1227 3314 23,

135 3338 217 3400 Plio.
234 3337 263 3400 Η
294 3339 335 3400 N.
349 3339 394 3412 ll,
412 3339 464 3414 56,
481 3350 513 3401 ot
532 3339 570 3404 de
586 3338 707 3418 legibus
720 3339 815 3403 eund.
832 3339 922 3413 Vlll,
939 3339 992 3404 57.
1009 3338 1056 3402 Ex
1069 3338 1233 3402 consulatu

130 3434 813 3520 5555551556511151555511(5555515111,
830 3433 863 3510 3,
881 3433 950 3514 13).
967 3434 1136 3501 Censuram
1154 3452 1229 3514 pon·

133 3534 258 3602 tibuunt
270 3536 513 3602 5115555551ιῶ
526 3560 551 3603 s.
563 3537 784 3606 contrahendis
800 3548 833 3598 et
851 3539 1006 3605 struendis
1016 3537 1161 3620 operibus
1175 3554 1230 3617 pu·

133 3631 225 3698 bliois
245 3633 352 3698 utilem
374 3630 508 3716 (Strabo
527 3639 566 3713 V,
588 3656 619 3700 5.
642 3635 678 3706 8,
701 3654 735 3715 p.
759 3634 838 3710 211,
858 3649 891 3698 ot
912 3633 1067 3700 Ammian.
1087 3634 1225 3698 Marcell.

133 3730 261 3808 xxvtt,
279 3731 319 3814 3)
334 3751 405 3796 cunr
415 3735 457 3798 tt.
473 3732 561 3800 Livio
575 3734 676 3798 Druso
694 3733 787 3813 gessit
796 3753 808 3808 3
817 3733 872 3796 sed
885 3744 1006 3799 mortno
1021 3731 1150 3812 oollega,
1164 3734 1225 3815 tp.

131 3828 252 3894 Claudii
263 3825 346 3892 (5551
359 3831 534 3914 exomulum
543 3831 690 3908 imitatur,
702 3830 885 3910 magistratu
899 3829 987 3908 obire
1002 3829 1110 3907 noluit,
1128 3831 1230 3894 donec

133 3951 152 3992 a
165 3930 300 3993 tribunis
310 3931 410 4012 plebis
424 3933 457 3994 in
472 3953 631 3996 caroerem
646 3932 718 3994 duci
734 3931 835 4014 jussus
854 3944 945 3995 esset.
961 3931 1015 3996 Sio
1029 3932 1144 3994 diserte
1157 3930 1231 3990 Plu·

135 4035 260 4124 tarchus
272 4035 386 4118 Queat.
403 4036 493 4098 Rom.
508 4056 538 4104 c.
558 4038 610 4112 50,
629 4058 660 4120 p.
679 4037 752 4110 216,
772 4037 808 4095 Ε.
824 4036 872 4098 De
890 4051 1022 4100 censura
1035 4033 1230 4103 conferatur,

134 4150 176 4192 55
190 4131 277 4192 multi
290 4129 404 4206 simus,
429 4133 559 4218 Pighius
574 4137 658 4196 Ann.
674 4133 734 4196 nol.
756 4131 823 4208 111,
847 4153 879 4214 p.
901 4133 972 4194 121.
988 4129 1100 4193 consul
1114 4128 1232 4201 iterum
