2934 4846
770 385 829 430 XV!

252 499 382 572 ctondo
397 498 598 570 sumendum
613 515 678 582 ert,
692 500 734 570 id
745 511 814 574 ont
826 515 1062 598 consequatur
1071 501 1250 600 probabile
1262 529 1350 601 qno-

253 624 335 698 dom
359 625 461 696 modo
482 651 528 696 en
545 625 606 714 iis,
634 651 717 724 qnoe
741 640 839 698 certo
864 638 962 714 sont,
982 639 1050 700 out
1074 651 1230 710 cautam,
1259 627 1353 702 ande

252 749 430 850 eoptae'cart
442 773 487 818 eo
507 747 694 847 dequibus
719 761 859 822 constat
881 753 1043 851 possint,
1074 753 1257 824 contineat
1281 750 1352 824 ido·

250 897 363 946 neorn.
383 875 460 944 Hoc
473 871 744 972 qoinegbgont
757 875 892 947 somnia
899 871 1054 970 fingant,
1074 899 1225 972 quornm
1238 899 1353 972 neque
1413 915 1416 926 ·

251 997 383 1070 zttae'tter
397 993 488 1080 ullo,
510 1007 548 1066 et
559 1019 651 1097 ooepe
664 1021 734 1070 non
747 997 834 1070 levis
853 1023 947 1070 nono
966 1013 1033 1081 est,
1057 1001 1093 1069 si
1099 1024 1168 1098 pro
1187 999 1278 1070 verto
1291 997 1352 1070 lto·

250 1121 321 1196 bito
332 1121 474 1216 justam
493 1146 612 1194 reram
639 1122 876 1222 cognitionem
896 1123 1122 1224 perturbant
1141 1138 1251 1221 atque
1273 1149 1352 1194 cor·

248 1257 431 1343 rumpunt.
451 1244 558 1318 Nullo
576 1247 611 1316 in
629 1269 767 1340 genere
791 1244 831 1316 it
842 1250 971 1347 saepins
992 1259 1030 1318 et
1044 1247 1193 1336 socilt'us
1215 1250 1352 1320 evenire

251 1366 417 1458 videmos,
435 1390 542 1464 quom
561 1374 597 1438 in
613 1368 655 1440 iis
670 1367 977 1466 dtopntotoonibos,
1003 1395 1084 1466 qooe
1102 1382 1182 1441 sont
1205 1372 1250 1442 de
1265 1372 1351 1443 ocri·

252 1505 310 1581 tn,
326 1517 474 1592 quorum
481 1517 612 1592 poocce
623 1504 776 1564 oerootoe
787 1491 1052 1590 smoreliqaiae.
1072 1495 1232 1584 Quorum
1242 1519 1350 1591 quom

251 1638 345 1713 rape
364 1615 425 1686 oie·
443 1613 488 1685 de
497 1628 725 1716 argomento,
760 1613 888 1688 nedum
901 1613 1123 1715 departibor
1147 1624 1356 1712 argumenti

249 1740 455 1839 rationeque
462 1765 536 1838 qno
548 1750 713 1813 tractatoe
725 1751 830 1812 oront
842 1738 1352 1840 aliquodcompertombobeo-

250 1891 344 1951 mos,
359 1863 455 1938 nibil
463 1863 644 1962 reliquom
654 1875 708 1934 est
721 1889 831 1963 quone
842 1863 893 1935 od
903 1863 1121 1961 conjectures
1140 1865 1350 1964 confugere,

252 2016 340 2089 quos
355 1999 462 2090 potet
474 2013 584 2087 quom
596 1987 752 2061 lubricos
768 2013 864 2079 soepe
877 2013 922 2060 oc
934 1987 1061 2060 dubios
1078 2015 1152 2059 esse
1163 2001 1350 2090 oporteat,

250 2115 285 2186 ri
292 2115 414 2198 fonteS,
430 2139 474 2186 ee
483 2113 610 2211 quibos
617 2111 697 2211 peti
705 2115 858 2212 possint,
870 2109 930 2183 vel
935 2110 1026 2183 nulli
1036 2114 1277 2210 reperientur,
1293 2114 1353 2184 oel

247 2263 377 2336 parom
394 2235 532 2336 limpidi
547 2239 639 2325 sont,
670 2235 730 2306 vet
740 2235 829 2307 odeo
853 2233 1030 2307 reconditi
1050 2234 1193 2321 bibant,
1213 2250 1254 2308 ot
1270 2234 1352 2309 dili-

248 2359 676 2458 genttomsogiantettom
689 2355 979 2431 sollertissimam.
1003 2387 1019 2421 »

299 2482 410 2556 omisi
421 2497 540 2557 autem
557 2483 647 2554 vitas
662 2497 843 2554 oratorum
861 2481 1006 2577 copiose
1020 2503 1198 2569 enarrare,
1226 2483 1353 2579 partim
1465 2491 1466 2496 ’

252 2609 332 2704 quia
343 2608 561 2706 propositum
579 2607 646 2678 mei
663 2607 779 2703 operis
791 2605 856 2676 fuit
869 2630 941 2677 non
955 2605 1139 2677 historiam
1153 2623 1349 2694 oratorum,

252 2731 316 2806 sed
341 2734 523 2804 orationes
545 2746 680 2803 tantum
707 2753 829 2802 eorum
850 2729 969 2817 edere,
1003 2729 1127 2826 partim
1149 2730 1228 2826 quia
1252 2730 1288 2800 id
1306 2730 1351 2802 ab

252 2852 327 2926 aliis
340 2855 410 2950 jam
424 2854 553 2926 iactum
568 2852 738 2924 intellexi.

980 3077 1027 3146 H.
1057 3078 1194 3149 Monoi.
