2954 4840
774 313 842 382 346

295 465 329 516 L.
338 463 423 528 Varo]
430 456 566 530 Spalding.
577 455 607 508 itt
614 451 690 506 Prot.
706 449 759 506 vol.
771 448 806 512 ll,
823 466 851 520 p.
860 462 909 509 ιιι,
921 432 1234 508 occasiouamfuissejooi
1243 433 1273 484 in
1283 450 1362 484 causa

331 542 485 616 Asprenatis
497 537 595 592 oranda
607 547 695 608 putat,
709 534 747 586 ita
759 543 790 584 ut
802 525 995 601 intelligendus
1011 524 1047 576 sit
1057 522 1089 573 1..
1100 517 1252 590 Quintilius
1261 517 1362 582 Varus,

328 643 408 697 quem
416 621 543 676 Horatius
551 619 639 672 carm.
649 618 672 681 1,
686 615 732 679 tt,
744 611 828 684 Epod.
836 611 872 675 V,
882 609 925 674 75,
935 601 1086 660 celebrarit.

301 781 349 843 Id.
361 778 452 848 vlu,
467 775 497 848 3,
511 773 569 835 89:
588 771 643 830 Est
657 780 690 830 et
703 783 842 828 amarum
856 757 1015 842 quiddam,
1027 755 1108 838 quod
1120 751 1185 814 tere
1199 751 1234 812 iu
1249 760 1360 812 contu·

257 878 350 944 mch'a
367 885 416 939 etl
431 871 579 958 positum,
596 869 687 950 «Ιώ
700 863 816 928 Cassiis
839 858 1052 941 Quidsacr'cS,
1073 870 1144 912 cum
1165 854 1198 908 in
1217 847 1298 910 borsa
1310 863 1360 908 tua

258 976 418 1044 invasore?
429 977 488 1038 hoc
497 984 555 1048 cst,
569 981 683 1032 eomtc
693 967 828 1028 docuero
843 950 995 1047 [andire]
1011 947 1211 1016 maledicere.

293 1125 305 1149 ⁷¹
312 1120 418 1183 nescire]
428 1109 571 1166 delendum
580 1107 685 1162 videtur
696 1104 747 1155 hoc
756 1119 826 1165 voc,
835 1093 907 1168 quod
918 1093 1043 1147 omittunt
1053 1089 1156 1158 aliquot
1167 1083 1245 1138 codd.
1254 1083 1315 1136 Hoc
1324 1095 1360 1134 est

324 1214 352 1257 et
360 1219 419 1274 quc
428 1217 490 1270 sequ
494 1205 576 1249 untur
586 1189 749 1262 Quintiliani
758 1193 834 1238 sunt.
842 1181 935 1236 Cassio
945 1197 977 1232 ea
986 1176 1186 1230 continuaverat
1195 1172 1331 1242 Maycrus.

297 1363 384 1432 Suct.
395 1358 446 1418 De
458 1353 572 1415 illustr.
583 1363 715 1426 gamm.
729 1360 759 1402 c.
774 1338 834 1401 22:
849 1337 893 1398 tt.
907 1325 1095 1414 Pomponius
1105 1325 1281 1397 Marcellus,
1294 1343 1359 1386 ser·

255 1479 305 1521 mo
329 1476 355 1518 rs
367 1450 471 1516 Latini
484 1457 611 1512 exactor
620 1436 860 1508 molestissimus,
869 1431 903 1492 in
915 1427 1118 1493 advocatione
1130 1424 1262 1504 quadam
1270 1419 1358 1504 (nam

254 1558 408 1622 interdum
431 1563 465 1614 et
485 1565 593 1612 causas
611 1538 736 1622 agebat)
751 1533 955 1598 roloeciamum
977 1528 1020 1590 ab
1040 1523 1219 1588 adversario
1240 1522 1357 1583 lactum

253 1674 348 1736 mque
366 1651 442 1714 adeo
456 1662 588 1724 arguere
602 1632 833 1724 perseveravit,
854 1629 955 1709 quoad
972 1621 1095 1690 Cassius
1109 1623 1241 1686 Severus
1255 1619 1356 1694 inter-

252 1748 371 1837 pellatis
383 1743 539 1830 judicibus
552 1736 731 1802 dilationem
747 1727 849 1812 petiit,
866 1740 896 1784 ut
910 1725 1046 1803 litt'gator
1058 1741 1129 1780 suus
1142 1719 1239 1778 alium
1252 1736 1356 1796 gram-

253 1854 397 1916 maticum
409 1839 584 1910 adhiberem
598 1831 716 1920 quondo
731 1848 790 1887 non
801 1837 886 1904 putat
904 1827 932 1882 is
947 1841 1017 1880 cum
1035 1819 1211 1878 adversario
1230 1814 1267 1872 de
1279 1807 1357 1894 jure

252 1949 320 2020 sibi,
333 1945 390 2008 sed
401 1945 439 2002 de
449 1939 621 2002 sodscismo
632 1927 867 2002 controversiam
872 1921 1028 2000 scurram.

294 2045 372 2106 Cum
386 2048 467 2101 esset
479 2031 602 2097 Cassius
617 2027 817 2088 vehementer
836 2014 1004 2076 iracundus
1022 2023 1054 2072 et
1074 2029 1160 2081 acer,
1184 2007 1295 2069 multos
1316 2005 1351 2067 in

248 2139 398 2223 judicium
418 2127 561 2202 vocavit,
585 2122 637 2206 qui
662 2140 680 2181 a
704 2113 860 2202 judicibus
883 2109 1003 2174 absolvi
1025 2107 1186 2182 solebant,
1214 2122 1354 2188 saepeque

250 2237 369 2322 ipsein
387 2229 539 2314 judicium
560 2230 687 2284 vocatus
708 2227 767 2278 est.
796 2211 940 2290 Legimus
963 2208 1044 2289 apud
1064 2204 1205 2268 Macrob.
1223 2205 1352 2268 Satura.

249 2337 344 2419 11,.t,
365 2335 450 2399 inter
465 2328 551 2412 jocos
571 2318 719 2400 Augusti:
736 2313 814 2378 Cum
831 2311 918 2374 multi
932 2309 1046 2374 Severo
1061 2305 1165 2372 Cassio
1184 2317 1356 2366 accusante

251 2435 496 2502 absolverentur,
513 2435 546 2486 et
559 2413 749 2483 architectus
762 2409 822 2474 lori
836 2407 967 2488 Augusti
977 2403 1236 2492 exspectationem
1247 2402 1355 2486 operis

250 2540 302 2600 diu
320 2536 476 2606 traheret,
498 2527 543 2590 ita
559 2522 683 2606 jocatus
702 2529 770 2590 est:
787 2511 913 2590 Vellum
929 2509 1053 2572 Cassius
1074 2522 1104 2566 et
1124 2526 1224 2566 meum
1237 2485 1355 2584 forum*

250 2653 380 2705 accuset.

284 2778 403 2840 ancum]
422 2764 561 2837 intellige:
575 2774 633 2814 tum
650 2775 710 2810 mox
727 2753 880 2806 absolutum
897 2748 958 2802 erit.
980 2745 1062 2800 Ludit
1074 2747 1215 2816 Augustus
1229 2742 1261 2796 iu
1271 2741 1353 2796 verbo

318 2855 456 2920 absolvero,
466 2846 537 2922 quod
548 2856 576 2897 et
589 2853 663 2896 reum
675 2835 810 2890 absolvere
823 2846 851 2886 et
863 2851 931 2903 opus
944 2828 1086 2901 significat.

290 3001 569 3072 sensuscontrot.
579 2993 622 3062 ll,
634 2987 684 3058 12,
698 2998 728 3069 p.
743 2982 800 3046 194
812 2977 886 3064 (173
896 2981 945 3040 ed:
956 2973 1058 3056 cipp:
1073 2966 1352 3038 Fabiss‘lisximns

248 3103 455 3174 nobilissimus
469 3097 519 3162 sir
540 3091 613 3168 luit,
633 3088 687 3172 qui
710 3082 829 3170 primus
849 3081 917 3142 loro
932 3078 1072 3140 Romano
1093 3075 1177 3135 hunc
1198 3074 1350 3136 comicum

248 3206 405 3274 morbum,
427 3214 486 3280 quo
506 3211 589 3255 nunc
608 3185 750 3258 laborat,
772 3173 897 3254 intulit,
918 3176 956 3236 de
975 3193 1034 3254 quo
1053 3171 1184 3234 Severrts
1204 3169 1348 3244 Cassius,

249 3324 411 3390 antequam
435 3299 476 3363 ab
499 3297 552 3358 illo
577 3312 647 3357 reus
673 3299 831 3368 ageretur,
860 3281 1004 3342 dixerat:
1026 3277 1124 3358 Quasi
1145 3276 1276 3334 disertus
1294 3293 1348 3346 es,

247 3414 335 3498 quast
341 3409 506 3489 sormoms
521 3383 567 3471 cs,
587 3397 676 3479 quast
693 3391 776 3449 clivos
795 3403 828 3445 cs
835 3407 850 3463 ,0
872 3393 965 3440 uuum
981 3376 1097 3436 taicum
1117 3379 1346 3460 astronomi,

177 3649 183 3659 .
249 3526 944 3685 ''effitienpsctssanctasanetttsciebat.
961 3573 1346 3652 CassiusSctarasthsge

243 3713 397 3773 sancitum
409 3714 465 3764 est,

145 3807 214 3880 229
282 3809 328 3869 ld.
345 3826 377 3890 p.
391 3801 449 3863 65:
466 3794 578 3857 Salitus
596 3807 665 3848 sum
685 3782 830 3844 dixerunt
851 3798 870 3839 a
890 3771 1044 3860 positione
1063 3774 1152 3842 sallo,
1168 3786 1230 3833 non
1249 3765 1343 3831 sallo.

240 3908 388 3974 Severus:
403 3897 578 3959 Discinctos
588 3896 676 3969 aecae
689 3879 812 3940 saluos·

404 4054 517 4128 sonuit
533 4051 563 4104 in
578 4041 716 4102 Diomedis
733 4037 803 4104 loco,
822 4036 869 4108 qui
889 4035 918 4088 in
932 4034 1053 4088 Potachii
1066 4032 1184 4090 editione
1197 4051 1224 4107 p.
1237 4030 1307 4104 379,Ι
1318 3985 1347 4098 t,

307 4152 413 4225 legitur,
430 4137 545 4195 lacobus
561 4127 692 4186 liuterius
704 4124 831 4183 Serenus,
852 4118 952 4206 Aulum
971 4113 1134 4204 Septimium
1145 4116 1276 4170 Serenum
1294 4116 1347 4167 Fa-

270 4069 394 4131 swam]
