2904 4840
770 346 814 416 66

246 486 296 548 rei
320 495 433 546 natura
448 484 543 557 nisus,
562 503 632 546 cum
654 486 794 568 exempla
812 487 946 570 partiunt
968 487 1001 548 in
1025 483 1215 548 orationibus
1230 472 1349 550 recisa·

246 605 315 646 rum
329 583 427 664 ponit,
450 603 488 644 ex
503 597 650 666 tempore,
666 583 825 654 nonnullis
843 585 1018 648 actionibus
1038 586 1176 667 impenso
1193 588 1343 660 ostendit,

245 706 307 748 uon
336 685 439 760 omnia
461 685 578 766 scripta
597 705 683 754 ¹esse.
716 687 809 750 Velut
835 686 1052 750 Cornelianum
1080 685 1243 768 quatriduo
1274 705 1344 748 sese

243 786 340 863 egisse
355 783 506 864 scriptum
520 781 630 846 Cicero
644 783 703 844 reli
724 784 781 846 uit.
801 787 844 846 At
858 785 943 846 nulla
958 797 1004 847 est
1020 785 1112 849 hodie
1133 782 1244 860 oratio,
1263 805 1343 865 quac

243 886 337 948 trium
348 887 495 949 horarum
507 898 629 966 tempus
641 883 704 967 imp
716 897 778 962 eat,
796 907 854 948 nec
869 907 960 958 omne
981 899 1100 969 tempus
1126 887 1278 966 reliquum
1297 899 1341 948 te·

242 986 341 1051 stibus
352 983 582 1062 interrogandis
597 981 734 1064 impendi
743 985 854 1066 potuit.
870 987 968 1048 Recte
979 986 1072 1058 etiam
1086 982 1218 1062 Plinius,
1228 985 1340 1057 Aliud,

241 1085 295 1158 uit,
314 1083 423 1142 bonam
433 1101 500 1142 esse
516 1087 679 1150 actionem,
695 1081 781 1140 aliud
793 1082 903 1142 bonam
916 1088 1097 1142 orationem.

285 1181 338 1244 st.
360 1179 467 1242 Genus
483 1178 651 1240 verborum
666 1197 685 1237 a
699 1178 851 1240 Cicerone
864 1183 986 1242 demum
1001 1200 1087 1242 suam
1101 1179 1221 1261 aceepit
1234 1180 1337 1260 ampli·

171 1275 173 1279 ’
240 1275 390 1348 tudinem,
413 1275 528 1336 Graecis
551 1275 643 1334 etiam
661 1271 789 1334 auribus
811 1275 955 1352 dignam3
982 1297 1081 1356 neque
1095 1289 1142 1338 est
1162 1279 1221 1338 hoc
1241 1278 1275 1338 in
1300 1278 1338 1339 iis

240 1375 404 1456 capitibus,
429 1388 495 1450 quae
514 1369 604 1430 hodie
622 1383 733 1448 egeant
746 1367 891 1430 uberiore
904 1371 1120 1450 disputatione.
1137 1373 1197 1432 Sed
1212 1376 1339 1436 credere

239 1492 303 1532 non
322 1469 476 1540 debemus,
502 1485 678 1546 quanquam
698 1466 807 1528 alienis
826 1468 1006 1547 plerumque
1027 1464 1214 1529 testimoniis
1238 1471 1340 1534 niten-

240 1571 311 1630 dum
332 1579 390 1642 est,
411 1583 517 1624 omnes
541 1564 696 1641 Romanos
711 1566 749 1624 ad
773 1566 912 1626 eamdem
925 1563 1093 1626 verborum
1116 1564 1238 1626 laudem
1257 1568 1338 1650 aspi.

238 1690 331 1734 rasse.
348 1668 417 1746 Hoc
427 1664 492 1747 jam
506 1687 544 1729 ea
555 1667 593 1730 de
604 1666 774 1728 causafieri
789 1686 852 1728 non
866 1668 977 1749 potuit,
994 1669 1074 1748 quod
1087 1686 1203 1746 genera
1212 1668 1339 1732 dicendi

237 1769 330 1850 plane
348 1765 469 1832 diversa
484 1765 590 1826 eodem
605 1777 742 1847 tempore
757 1764 915 1844 celebrata
926 1777 1008 1827 sunt.
1025 1763 1147 1826 Asianis
1161 1764 1340 1828 oratoribus

237 1860 420 1926 Hortensius
439 1861 557 1931 similis,
576 1858 665 1943 copia
679 1874 710 1923 et
723 1863 932 1926 redundantia
948 1862 1115 1924 verborum
1136 1864 1225 1923 modo
1241 1878 1337 1926 tumo-

238 1986 317 2036 rem,
337 1963 425 2024 modo
440 1961 621 2040 exilitatem,
635 1960 861 2036 sententiarum
881 1963 996 2024 amictu
1016 1953 1334 2044 quasi'vestientibus

239 2063 352 2126 Calvus
368 2054 488 2121 Atticos
495 2070 691 2122 consectatus
710 2059 789 2120 nihil
799 2057 861 2122 nisi
874 2062 990 2124 siecum
1003 2073 1035 2122 et
1051 2079 1158 2121 sanum
1178 2061 1250 2120 dum
1263 2082 1336 2143 pro·

238 2157 345 2235 habat,
363 2155 502 2236 quamvis
522 2153 641 2236 optima
659 2156 818 2218 voluntate
839 2176 919 2239 saepe
933 2157 966 2219 in
981 2156 1089 2219 infelix
1104 2153 1181 2219 illud
1200 2178 1265 2220 sese
1282 2180 1334 2222 ca·

238 2253 412 2320 lumniandi
426 2253 536 2314 vitium
554 2252 677 2330 incidit,
695 2275 755 2336 quo
770 2256 847 2320 nihil
858 2258 1000 2320 oratoriae
1010 2253 1176 2330 elocutioni
1189 2261 1336 2338 parandae

238 2352 378 2414 infestius
385 2349 504 2431 judicat
518 2349 651 2433 Quintil.
665 2350 706 2426 X,
723 2351 755 2426 3,
770 2353 808 2413 10
821 2381 831 2434 5
844 2353 876 2431 4,
892 2355 922 2430 3,
939 2353 1029 2420 alibi,
1049 2349 1134 2435 Quin
1147 2353 1281 2430 fuerunt,
1304 2369 1336 2418 et

239 2453 273 2512 in
291 2451 339 2512 his
352 2451 435 2510 idem
456 2449 580 2528 Calvus,
597 2463 639 2524 et,
662 2454 742 2532 quod
756 2451 882 2516 difficile
898 2443 1029 2528 creditu,
1053 2455 1175 2530 Brutus,
1199 2456 1335 2536 quicum

237 2553 332 2614 exiles
346 2563 378 2612 ct
392 2561 500 2625 tenues
514 2553 705 2629 dicerentur,
724 2551 824 2634 ipsum
840 2553 1022 2617 Ciceronem
1042 2555 1171 2616 otiosum
1181 2567 1213 2616 et
1227 2577 1336 2640 exsan-

238 2669 328 2730 guem
352 2661 384 2710 et
402 2647 555 2712 elumbem
577 2649 750 2732 culparent.
774 2653 833 2712 Hie
856 2665 981 2728 tamen,
1003 2672 1073 2713 cum
1097 2655 1189 2735 paulo
1211 2655 1333 2736 plenior

238 2747 448 2810 Demosthene
466 2749 598 2810 medium
615 2769 711 2827 genus
733 2747 1156 2828 eloquendiseonsectaretuu
1172 2751 1203 2809 id
1218 2750 1332 2828 effecit,

238 2861 272 2910 ut
286 2868 386 2928 neque
396 2847 430 2910 iu
443 2849 610 2928 grandibus
621 2849 714 2912 rebus
729 2850 833 2910 verbis
848 2852 966 2912 deesset
976 2870 1032 2912 sua
1046 2851 1103 2924 vis,
1117 2871 1217 2930 neque
1229 2872 1334 2934 parvae

237 2943 429 3028 proprietate
444 2955 598 3008 carerent.
616 2946 734 3016 ¹Brutus
752 2955 852 3004 autem
866 2946 937 3006 dum
951 2946 1124 3008 castitatem
1141 2948 1333 3030 pbilosopho-

236 3063 305 3104 rum
323 3063 385 3106 non
401 3043 573 3112 affectatam
591 3041 763 3123 exprimere
785 3039 911 3117 studuit,
929 3043 968 3103 ab
987 3045 1163 3136 oratoribus
1177 3047 1332 3130 paulisper

235 3139 374 3202 recessit.
389 3136 448 3200 Sed
457 3147 570 3218 praetcr
580 3137 639 3198 boe
653 3137 686 3197 in
701 3137 793 3197 rebus
800 3148 832 3198 et
846 3139 1011 3216 generibus
1022 3141 1146 3204 dicendi
1162 3140 1254 3204 situm
1271 3146 1329 3208 dis·

236 3236 356 3296 crimen
369 3233 452 3294 aliud
463 3230 497 3292 in
511 3231 614 3294 verbis
626 3229 699 3294 solis
717 3233 850 3314 positum
864 3236 1148 3300 animadvertimus.
1162 3241 1234 3302 Jam
1244 3240 1328 3304 enim

234 3335 374 3395 homines
397 3333 430 3393 in
459 3327 590 3392 dicendo
611 3332 711 3394 minus
731 3347 867 3398 versatos
885 3337 945 3398 alio
969 3358 1082 3416 genere
1108 3358 1218 3419 parum
1247 3343 1329 3408 culto

234 3454 304 3496 usos
315 3451 380 3492 esse
392 3449 517 3499 necesse
530 3444 586 3494 est.
609 3433 675 3494 Hoc
691 3433 729 3528 de
740 3436 885 3518 Pompeio
903 3448 1050 3520 arguunt,
1068 3455 1133 3516 quae
1147 3437 1180 3500 in
1197 3460 1328 3522 corpore

234 3531 439 3614 Epistularum
466 3529 628 3594 Ciceronis
657 3529 781 3596 insertas
807 3537 951 3616 leguntur
983 3537 1023 3596 ab
1048 3533 1105 3598 illo
1130 3543 1323 3625 conscriptae.

233 3629 355 3690 Deinde
363 3641 431 3690 orta
438 3640 485 3690 est
495 3625 547 3690 illo
555 3641 692 3712 tempore
699 3631 803 3714 inepta
814 3633 1056 3714 antiquariorum
1065 3651 1205 3716 κακοζηλία,
1213 3641 1258 3702 nil
1266 3641 1326 3702 nisi

232 3725 335 3807 prisca
354 3725 542 3798 mirantium,
557 3729 696 3812 recentia
708 3740 742 3788 ut
757 3729 878 3811 abjecta
895 3741 927 3795 et
945 3743 1057 3790 ornatu
1071 3736 1208 3798 carentia
1225 3757 1326 3819 asper·

233 3824 385 3884 nantium.
409 3825 447 3884 In
461 3823 570 3904 quibus
591 3835 655 3886 tum
669 3824 847 3896 Sallustius,
867 3837 931 3887 tum
947 3825 1062 3906 aliquot
1077 3831 1168 3894 annis
1187 3833 1324 3896 minores

231 3921 329 3984 Pollio
344 3918 476 3998 Asinius,
490 3920 525 3984 C.
543 3922 703 3993 Maecenas,
721 3924 756 3984 L.
774 3921 941 3984 Arruntius
952 3943 1070 3988 summa
1081 3947 1205 4010 quaeque
1215 3927 1323 3995 viden.

231 4031 283 4082 tur
304 4019 452 4102 attigisse.
477 4021 516 4082 Et
535 4018 622 4080 illum
638 4019 759 4098 quidem
783 4020 943 4100 aequalium
964 4025 1161 4106 reprehensio
1188 4027 1320 4093 notarit.

231 4121 328 4184 Pollio
343 4143 428 4198 vero,
446 4138 515 4188 cum
527 4114 703 4182 Sallustium
713 4131 747 4182 ut
760 4119 1002 4190 Catonianorum
1013 4125 1178 4194 verborum
1203 4128 1322 4216 impru'
