2904 4838
749 317 819 390 220

498 555 632 632 xxlll.
660 559 706 654 Q.
720 560 915 657 Pompeius
932 561 1069 655 Nepos.

272 762 361 828 Brut.
382 786 411 828 c.
431 767 484 841 2⁵,
502 768 561 830 ιιι
576 765 618 848 Q.
630 763 794 848 Pompeius
808 784 872 828 nou
885 776 1080 850 contemptus
1093 779 1202 830 orator
1214 779 1346 852 tempo·

231 861 318 926 ribus
331 859 394 926 illis
406 859 475 936 luit,
491 863 544 946 qui
557 881 690 926 summos
703 862 838 926 honores
850 861 942 926 homo
962 881 1021 946 per
1042 871 1077 926 se
1096 864 1249 944 cognitus,
1266 867 1345 930 sine

230 962 293 1022 ulla
307 959 575 1024 commendatione
589 960 742 1044 majorum
756 973 805 1024 est
819 960 960 1042 adeptus.
976 961 1054 1022 Tum
1068 961 1104 1024 Ι..
1116 959 1241 1026 Cassius
1255 965 1336 1028 mul·

230 1074 296 1124 tum
319 1061 439 1144 potuit,
466 1081 530 1125 nou
554 1060 749 1144 eloquentia,
777 1061 832 1125 sed
856 1061 990 1125 dicende
1016 1074 1159 1125 tamen...
1184 1075 1251 1126 tum
1275 1065 1337 1130 (luo

230 1155 392 1244 Goepioues
412 1159 543 1222 multum
565 1158 696 1224 clientes
712 1159 843 1222 consilio
866 1170 899 1221 et
918 1155 1036 1239 lingua,
1060 1159 1130 1243 plus
1149 1161 1338 1226 auctoritate

229 1271 335 1322 tumen
358 1270 391 1322 et
410 1255 514 1339 gratia
535 1253 751 1320 sublevabant.
776 1255 839 1319 Sed
856 1255 1010 1335 Pompeii
1032 1273 1101 1318 suut
1122 1263 1252 1338 scriptu,
1279 1279 1337 1320 uec

230 1359 327 1417 nimis
346 1369 509 1416 extenuata
516 1396 527 1425 ,
548 1373 731 1438 quamquam
745 1366 885 1413 veterum
900 1353 1021 1413 similis
1034 1369 1081 1414 est
1087 1400 1099 1429 ,
1114 1370 1145 1414 et
1154 1357 1253 1434 plena
1263 1378 1336 1437 pru-

231 1455 355 1517 dentice
1077 1469 1078 1474 ’

267 1593 323 1650 Sed
333 1593 514 1666 Pompeii]
493 1613 531 1647 ste
547 1594 576 1648 iu
588 1593 685 1648 Orellii
699 1591 843 1648 novissima
860 1591 925 1646 edit.
940 1595 1017 1646 Bruti
1034 1592 1114 1648 lectio
1131 1606 1175 1647 est
1192 1593 1336 1647 constitute
1406 1599 1409 1604 '

303 1675 497 1744 [consentiente
512 1677 764 1748 Westermanuop.
775 1677 833 1748 81].
855 1663 976 1730 Ellendt.
991 1673 1057 1749 legit
1073 1689 1165 1730 contra
1185 1676 1262 1732 codd.
1280 1678 1314 1732 Se
1314 1680 1337 1730 d

305 1759 401 1832 (ιιιιιιιί
417 1771 476 1812 suut
493 1761 602 1832 scripta,
612 1758 632 1812 i.
643 1777 668 1811 e.
680 1757 868 1830 Q.Caepionis,
886 1758 919 1811 de
937 1753 1020 1866 eujtus
1034 1769 1112 1812 oratt.
1133 1755 1203 1811 inira
1223 1758 1335 1812 dicetur.

302 1845 397 1914 [cons.
406 1857 497 1899 ente.
508 1847 542 1899 u.
552 1847 628 1914 ιιι]

279 1961 560 2056 [Fragmentum
531 1989 599 2052 eJus
618 1941 770 2052 quantum
780 1969 895 2034 scimus
908 1967 1035 2032 unicum
1050 1967 1156 2032 omisit
1172 1969 1334 2056 Meyerus.

232 2066 387 2130 Priscian.
400 2065 535 2146 v111,4,
547 2086 579 2150 p.
592 2065 666 2130 3712
682 2067 723 2150 Q.
737 2064 919 2150 Pompeius:
932 2065 994 2126 Me·
1002 2071 1163 2141 mt'serum,
1172 2088 1262 2152 quem
1273 2067 1336 2130 illoe

224 2167 358 2246 semime
369 2168 523 2247 despicere·
532 2187 619 2228 ausoe
631 2181 710 2240 suut,
723 2168 867 2247 despicor
876 2187 1039 2230 commune
1050 2162 1259 2256 accipiebam]

528 2353 664 2424 xxiv.
690 2354 733 2425 C.
750 2352 986 2443 FanniumC.
1002 2357 1040 2426 ιι.
1142 2313 1144 2318 i

278 2559 347 2626 cie.
367 2563 457 2628 Brut.
476 2580 504 2622 c.
526 2559 580 2634 id,
600 2563 659 2626 99:
677 2561 717 2636 le,
737 2561 791 2642 qui
806 2561 911 2626 consul
926 2583 997 2625 cum
1011 2562 1150 2626 Domitio
1163 2562 1236 2635 luit„
1249 2583 1341 2623 unum

236 2663 403 2722 amtorem
418 2659 456 2720 de
473 2659 569 2720 sociis
583 2673 614 2720 et
633 2661 758 2718 nomine
769 2652 878 2734 Latino
894 2674 998 2720 contra
1011 2657 1186 2720 Gracchum
1201 2653 1342 2742 reliquit,

236 2777 313 2822 saue
333 2771 366 2823 et
384 2756 499 2822 bonam
513 2769 545 2820 et
560 2754 707 2820 nobilem.
723 2757 803 2820 Tum
817 2758 958 2822 Atticus:
974 2755 1058 2838 Quid
1072 2753 1172 2840 ergo?
1191 2772 1275 2818 estne
1294 2763 1338 2818 ite

237 2849 381 2912 Fannii?
395 2870 468 2915 nam
482 2851 572 2915 varia
584 2848 692 2934 opinio
711 2852 818 2934 pueris
836 2851 927 2916 nohis
945 2866 1026 2916 erat.
1050 2851 1114 2915 Alii
1127 2851 1198 2914 αθ.
1211 2849 1335 2928 Persio,

237 2949 358 3010 literato
365 2949 489 3010 lemine
489 2954 657 3028 ,scriptam
669 2969 737 3012 esse
751 2949 891 3031 ajenant,
901 2950 956 3014 illo
959 2971 1075 3032 questa
1083 2949 1242 3032 siguificat
1251 2951 1342 3014 ualde

144 3072 211 3146 110
236 3051 361 3115 doctum
380 3067 447 3113 esse
461 3047 617 3128 Lucilium
637 3046 690 3112 alii
706 3051 819 3114 multos
833 3050 964 3129 nobiles,
981 3056 1068 3136 qued
1079 3053 1209 3136 quisque
1223 3053 1342 3135 potuis·

115 3202 120 3208 .
236 3162 295 3226 set,
314 3146 454 3214 inillam
475 3151 648 3215 orationem
670 3152 950 3215 contulissem
971 3173 1045 3236 ego.
1062 3153 1178 3242 Audiui
1197 3153 1341 3235 equidem

234 3247 306 3325 ista,
327 3246 466 3332 iuquam,
490 3249 529 3314 de
542 3245 817 3331 majeribusnatu,
832 3251 887 3314 sed
907 3271 1073 3337 numquam
1091 3269 1158 3312 sum
1178 3251 1340 3324 adductus,¹

234 3361 270 3412 ut
284 3350 455 3422 crederem,
472 3369 600 3432 eamque
622 3348 830 3434 suspicionem
849 3365 979 3435 propter
997 3351 1080 3415 hanc
1099 3371 1225 3414 causam
1245 3352 1342 3414 credo

234 3447 345 3524 tuine,
365 3450 453 3536 quod
470 3450 609 3512 Furnius
632 3454 666 3512 in
689 3450 894 3514 mediocribus
917 3450 1084 3512 oratoribus
1104 3449 1225 3514 habitus
1245 3467 1343 3527 esset,

238 3554 339 3611 οιιιιίο
357 3546 468 3610 αιιιιιιι
479 3548 533 3611 vel
550 3553 666 3630 optima
686 3565 767 3610 esset
788 3550 849 3612 illo'
861 3551 987 3634 quidem
1007 3565 1148 3630 tempore
1161 3555 1341 3612 orationum

238 3650 390 3710 emnium.
410 3646 472 3710 Sed
486 3666 545 3710 nee
558 3647 710 3732 ejusmodi
722 3659 780 3722 est,
799 3658 834 3707 ut
848 3666 866 3707 a
880 3645 1020 3728 pluribus
1035 3646 1160 3710 confusa
1174 3644 1318 3710 videatur
1330 3671 1342 3710 ι

239 3765 320 3812 unua
329 3746 417 3809 enim
424 3765 516 3812 aeuus
528 3760 576 3814 est
585 3751 681 3813 totius
693 3747 846 3813 orationis
859 3758 892 3810 et
905 3747 987 3810 idem
1000 3746 1105 3828 stilus
1113 3769 1176 3812 nec
1184 3750 1223 3812 de
1231 3750 1343 3814 Persio

142 3888 147 3899 .
240 3841 416 3908 reticuisset
429 3846 605 3918 Gracchus,
622 3864 691 3910 eum
706 3865 737 3908 et
728 3842 888 3907 Fanniam
904 3846 944 3908 de
957 3845 1098 3932 Menelao
1111 3845 1296 3910 Maratheno
1310 3858 1342 3909 et

241 3947 279 4008 de
293 3943 408 4009 ceteris
421 3945 595 4031 objecisset,
611 3945 783 4031 presertim
797 3965 869 4008 eum
880 3927 1017 4010 Fannius
1028 3967 1194 4028 numquam
1206 3949 1246 4010 sit
1256 3948 1343 4010 liabi-

1 4061 3 4070 *
110 4120 115 4124 .
242 4057 289 4107 tus
306 4040 456 4124 elinguis..
475 4064 547 4105 nam
561 4057 593 4105 et
606 4058 712 4106 causas
726 4040 940 4122 defensitavit,
962 4058 994 4108 et
1013 4042 1277 4126 tribunatusque
1292 4063 1339 4107 ar

242 4144 335 4210 bitrio
347 4161 378 4210 et
389 4142 575 4232 atteteritale
586 4148 623 4208 P.
636 4139 775 4208 Africani
790 4157 891 4225 gestus
906 4167 970 4211 neu·
981 4148 1131 4210 obscurus
1143 4141 1217 4208 tuit.
