2904 4840
606 324 650 395 tt

82 451 288 518 mmlandem
299 455 423 535 tribuit,
437 460 601 538 quodcum
614 458 805 542 experientia
816 457 853 522 C.
866 455 988 525 Lucilii,
999 457 1035 515 L.
1047 452 1173 537 Aquillii

85 553 306 640 magistrorum
318 568 351 615 et
363 557 405 638 Q.
416 555 566 632 Scoevolae‚
579 557 632 638 qui
647 569 720 620 ante
733 556 865 630 fuerant,
872 552 1169 636 jurisconsultorum,

82 645 172 712 illam
185 670 309 733 quoque
321 651 492 714 doctrinam
505 651 718 734 conjunxerit,
735 671 801 735 quae
813 653 959 734 dissipata
975 665 1174 729 componere,

83 747 212 808 corticea
226 747 412 820 discernere,
426 747 491 812 suis
502 771 629 833 quaeque
642 748 797 834 capitibus
808 750 1002 833 conjungere
1013 748 1134 819 doceat,
1147 759 1178 807 et

81 843 267 910 dialectices
279 847 417 914 acumine
434 851 516 932 juris
527 855 637 917 rudem
657 867 692 914 et
711 851 896 931 indigestam
915 849 1027 911 molem
1046 844 1080 908 in
1103 847 1182 908 artis

81 950 220 1010 formam
233 949 388 1028 redegerit
400 963 435 1012 et
446 949 663 1014 illustraverit.
678 955 796 1014 Verum
817 949 914 1024 addit,
936 945 1034 1010 Attici
1053 944 1180 1009 indutus

79 1064 232 1124 persona,
240 1048 438 1129 assumpsisse
446 1044 619 1128 Sulpicium
633 1047 818 1126 eloquentie
831 1059 963 1118 tantum,
976 1058 1014 1106 nt
1023 1043 1073 1123 jus
1086 1046 1180 1108 civile

79 1140 179 1204 facile
189 1157 291 1224 posset
304 1143 403 1214 tueri;
425 1154 556 1226 etpost,
579 1139 775 1226 principibus
789 1147 823 1206 in
837 1142 1008 1223 eloquendo
1030 1162 1102 1202 niun
1120 1163 1178 1223 par

79 1236 192 1314 inerit,
207 1236 335 1300 dubium
346 1235 508 1321 relinquit.
533 1237 707 1322 Philippica
720 1241 787 1319 ῘΧ,
799 1242 870 1314 ced,
887 1235 1043 1318 insignem
1057 1238 1181 1318 quidem

79 1338 223 1410 laudem,
245 1341 297 1402 sed
316 1337 441 1412 mortui,
466 1354 500 1401 et
516 1351 663 1421 tanquam
681 1337 897 1421 jurisconsulti
919 1339 1069 1403 continet.
1093 1336 1179 1399 Juris

79 1435 175 1500 enim
193 1439 307 1518 peritia
326 1451 404 1500 ante
418 1438 586 1502 Antistium
607 1439 783 1507 Labeonem
804 1452 838 1502 et
859 1438 978 1502 Ateium
996 1437 1181 1519 Capitonem

82 1536 230 1602 omnibus
242 1537 396 1618 prestitit,
406 1551 441 1600 nt
450 1539 539 1615 libri,
552 1541 820 1621 Reprehensorum
834 1538 867 1602 in
879 1538 1012 1602 Scaevola
1026 1539 1176 1620 capitum,

83 1632 350 1697 Commentarium
364 1633 398 1695 in
411 1635 573 1698 duodecim
585 1635 718 1710 tabulas,
737 1649 770 1696 et
788 1635 851 1708 alii,
872 1635 905 1696 in
926 1651 1042 1695 summo
1062 1635 1178 1697 bonore

82 1748 203 1796 esseut.
222 1734 260 1794 ln
280 1732 390 1815 primis
404 1732 523 1796 Gellius
544 1745 576 1794 et
593 1733 701 1796 Festus
712 1735 824 1796 horum
837 1732 990 1795 librorum
1002 1731 1182 1794 testimonio

85 1844 230 1908 utuntur,
239 1853 370 1915 qnorum
382 1831 503 1895 indices
515 1833 690 1898 exscribere
703 1855 768 1897 nou
779 1835 867 1896 libet.
884 1837 929 1896 At
938 1829 1092 1897 Cicerone
1101 1831 1179 1894 libe·

87 1933 189 1998 ralior
199 1932 424 2018 Quintilianus,
448 1934 502 2014 qni
522 1953 584 1995 non
604 1935 697 1996 modo
714 1935 851 2017 exempla
871 1951 910 1995 cx
930 1932 1064 2014 Sulpicio
1084 1931 1176 2013 petit,

88 2031 174 2093 velut
183 2033 239 2106 tv,
253 2031 284 2106 2,
299 2030 372 2103 106,
389 2030 483 2105 etvt,
500 2031 529 2104 1,
543 2030 596 2106 20,
610 2033 664 2092 scd
677 2032 771 2094 etiam
784 2028 916 2092 studium
931 2031 997 2113 ejus
1010 2027 1043 2090 iu
1058 2025 1182 2090 imitan-

86 2130 136 2194 dis
145 2131 408 2214 poetislaudatX,
418 2133 448 2205 5,
460 2131 492 2208 43
504 2145 536 2194 ct
545 2152 675 2196 acumen
685 2133 825 2196 tribuens
833 2133 982 2215 Sulpicio,
993 2143 1028 2192 ut
1037 2129 1183 2194 Scaevolaa

87 2247 123 2296 et
143 2235 187 2294 M.
205 2233 331 2308 Catoni,
351 2227 526 2297 ¹facundiam
545 2255 666 2317 quoque
683 2249 796 2318 preter
816 2236 893 2297 alias
906 2245 990 2295 artes
1003 2251 1179 2294 concessam

90 2343 221 2394 testatur
235 2331 304 2406 ΧΠ,
319 2331 370 2402 10,
385 2332 436 2407 11;
452 2343 485 2392 et
498 2331 650 2411 insignem
665 2333 767 2392 tribus
778 2332 971 2396 orationibus
987 2331 1106 2392 laudem
1124 2325 1184 2388 sibi

89 2427 245 2510 peperisse
258 2427 407 2502 relert‘X„
421 2427 452 2503 l,
466 2428 538 2490 116.
562 2426 807 2489 Commentarios
821 2440 923 2490 autem
934 2428 1127 2508 reliquarum
1142 2419 1190 2503 (ut

86 2529 203 2590 multas
213 2529 311 2606 egisse
319 2525 453 2609 dicatur)
464 2525 714 2588 accuratissimos
723 2524 859 2588 coniecit
869 2521 1016 2611 (Quintil.
1028 2526 1070 2596 X,
1081 2523 1111 2594 l,
1125 2519 1185 2603 30).

88 2627 163 2692 Una
184 2643 223 2684 ex
238 2623 288 2683 his
304 2635 351 2684 est
370 2619 471 2684 oratio
481 2641 542 2700 pro
554 2621 691 2702 Aufidio.
716 2621 826 2703 Qualis
837 2641 875 2682 ea
887 2616 994 2693 luerit,
1014 2616 1167 2680 nescimus
1176 2642 1185 2692 3

88 2723 286 2806 provectiore
299 2737 404 2784 tamen
416 2721 547 2804 Sulpicii
560 2733 651 2782 etate
665 2733 767 2784 actam
779 2733 911 2803 oportet,
923 2739 993 2781 cum
1003 2719 1046 2780 Μ.
1058 2715 1187 2778 Messala

89 2819 246 2884 Corvinum
256 2816 384 2880 alterius
393 2815 492 2900 partis
500 2817 749 2900 patronnsiuisse
760 2819 892 2880 dicatur.
905 2809 1182 2906 [V.ir.p.l'llsq.]

91 2920 287 2984 Dubitaruut
305 2933 406 2982 antem
425 2922 631 2995 Burmannus,
648 2917 920 3003 Capperonnerius
934 2932 966 2980 et
979 2913 1184 2998 Spaldingius,

92 3036 178 3080 anne
190 3015 317 3078 sortasse
331 3001 439 3078 contra
458 3015 607 3078 Aufidiam
620 3017 773 3099 Sulpicius
795 3017 919 3089 dixerit,
943 3027 978 3074 nt
999 3011 1134 3076 omnium
1154 3012 1188 3072 li·

93 3115 223 3176 brorum
243 3132 394 3175 consensu
413 3113 492 3195 apud
511 3111 737 3195 Quintilianum
748 3114 805 3186 Vl,
828 3114 861 3188 1,
877 3113 930 3186 20,
953 3109 1112 3171 retertur..
1129 3107 1189 3170 Sed

95 3207 324 3289 refragantibus
337 3210 416 3271 locis
428 3223 460 3271 et
473 3209 611 3291 pluribus
622 3230 682 3272 nec
691 3210 782 3270 unius
789 3205 978 3290 Quintiliani
988 3209 1052 3268 hoc
1060 3202 1188 3268 concedi

95 3329 255 3390 posseuon
262 3310 399 3384 videtur,
409 3329 468 3373 uec
476 3297 578 3381 video,
589 3309 662 3390 quid
670 3307 826 3370 inutilium
834 3308 985 3370 tricarum
993 3305 1189 3387 nuperrimos

96 3407 197 3470 editor
211 3409 250 3469 ad
259 3411 300 3484 X,
316 3410 347 3484 1,
359 3411 413 3485 22,
430 3409 490 3472 sibi
508 3429 619 3472 creare
636 3406 782 3470 voluerit.
806 3406 841 3470 si
860 3406 1035 3482 aberravit,
1059 3417 1095 3464 ut
1113 3401 1190 3463 solet

96 3501 264 3580 interdum,
281 3526 343 3570 non
355 3506 479 3571 librarii
493 3509 546 3570 sed
560 3506 696 3570 auctoris
708 3506 869 3578 memoria,
883 3506 1007 3568 credam
1020 3503 1123 3584 potius
1134 3501 1187 3573 vt,

99 3601 131 3677 1,
146 3602 203 3676 20,
226 3600 472 3684 praepositionem
492 3604 606 3665 mutari
626 3600 784 3676 debuisse,
806 3620 897 3682 quam
919 3599 1055 3662 Messaloe
1076 3615 1189 3660 nomen

96 3697 232 3780 Sulpicio
245 3697 398 3761 substitui.
419 3699 485 3763 Hoc
499 3701 570 3762 loco
579 3717 643 3760 non
658 3696 833 3778 relinquam¹
842 3695 992 3760 Velleium
1003 3695 1046 3768 11,
1061 3692 1112 3767 36,
1131 3713 1189 3775 quo

96 3800 164 3862 loco
173 3819 244 3861 cum
258 3799 553 3884 ceteriinterpretes
566 3799 707 3882 plerique
716 3817 825 3860 verum
837 3795 1105 3881 preter-viderunt,
1123 3808 1188 3855 turn

94 3897 432 3977 magnuslluhnkeuius
439 3900 533 3964 nimia
541 3895 728 3962 emendandi
735 3895 902 3981 cupiditate
918 3896 1077 3959 manifesto
1086 3895 1188 3976 lapsus

93 4007 157 4060 est.
175 3999 332 4062 lectionis
349 4001 569 4065 diversitatem.
579 4013 611 4064 et
629 3998 701 4064 Aldi
714 3999 907 4080 aliorumque
920 3994 1059 4062 rationes
1073 3993 1188 4056 ibidem

94 4091 209 4175 inspici
216 4109 350 4175 possunt.
365 4097 425 4162 Sed
437 4097 500 4182 jam
511 4097 630 4182 Lipsius
641 4118 673 4180 p.
686 4099 749 4160 858
759 4108 844 4158 recte
855 4096 1060 4163 intellexerat,
1075 4087 1187 4147 ecloco
