2904 4840
662 311 727 384 115

139 445 230 536 stt]
246 447 350 508 Aaou
363 459 494 512 vocetur
509 469 527 510 u
542 451 673 524 Catone,
689 449 743 530 qni
754 448 795 520 ab
810 446 880 512 aliis
894 447 986 524 Anio,
1007 451 1174 530 etquidem
1188 453 1241 514 du·

137 546 207 626 plex
222 555 313 606 retus
322 555 355 607 et
367 563 477 621 novus,
492 547 567 611 item
578 546 728 608 lemininu
738 563 853 626 genere
863 545 896 606 in
907 545 1007 607 veteri
1020 545 1238 631 inscriptione:

139 648 213 704 dem
226 645 381 704 Anienem
401 665 510 706 noram
525 667 546 707 u
562 645 711 708 milliario
726 665 802 720 nitri.
819 670 834 702 ι
850 645 886 706 ln
900 641 1012 708 Oreltii
1027 644 1186 728 Inscriptt.
1206 672 1237 712 n.

139 741 221 804 3203
255 742 385 821 legium
409 742 565 826 Aquarius
587 763 675 827 uque
704 744 851 804 Auium's.
865 745 988 802 ueteris.
1026 737 1115 828 [Pon
1145 747 1241 810 verbu

137 865 199 904 non
220 848 323 904 mimus
349 844 521 928 adjecimus
541 859 644 906 autem
664 866 683 908 e
703 845 793 910 codd.
813 843 937 908 Krcltlii
957 845 1020 908 vol·
1046 846 1090 922 ll,
1112 865 1146 926 p.
1166 849 1240 910 511.

137 946 187 1006 lta
202 944 296 1006 etiam
312 942 541 1026 untiquiseimus
558 946 657 1008 codex
676 940 804 1022 Regius.
828 945 891 1006 Pro
906 940 995 1005 milia
1007 945 1058 1006 ed.
1075 941 1172 1008 nuit.
1189 966 1240 1028 up.

137 1042 275 1104 Bulhuis.
293 1061 324 1123 p.
344 1042 404 1106 120
420 1039 583 1130 millibus]

183 1143 270 1202 Idem
281 1141 370 1212 Vlll,
388 1140 419 1211 3,
443 1161 476 1223 p.
493 1139 574 1202 365:
595 1138 674 1203 Ceto
687 1139 855 1200 Censorius
863 1140 901 1202 de
912 1141 950 1202 l..
962 1141 1113 1204 Veturius
1131 1143 1244 1204 Graeco

136 1246 197 1302 ritu
221 1240 360 1302 rebantur
372 1239 397 1302 S
399 1239 563 1300 arumdu.
977 1309 979 1318 Ι

180 1337 303 1406 Gellius
312 1338 415 1409 XVII,
432 1337 451 1398 2
465 1339 641 1406 :Sanctitas
652 1348 684 1398 et
693 1340 892 1398 mmtimouiu
904 1336 1078 1400 nuumiuns
1087 1337 1185 1400 latine
1198 1342 1242 1404 di·

138 1451 265 1508 cuutur,
282 1439 336 1498 sed
348 1435 453 1498 neseio
465 1435 540 1515 quid
551 1432 679 1516 majoris
691 1433 854 1513 dignitatis
867 1447 915 1496 est
925 1435 1055 1498 verbum
1066 1439 1243 1509 caucetudo,

138 1534 229 1596 sicuti
246 1535 288 1593 M.
302 1533 382 1608 Coto
396 1533 431 1596 iu
440 1534 479 1604 L.
493 1531 656 1596 Veturium
663 1533 870 1592 duriurdiuem
883 1553 974 1614 quem
988 1535 1131 1596 duritiam
1138 1538 1244 1600 dicere

138 1632 263 1710 gravius
277 1630 408 1714 putavit.
429 1630 490 1712 Qui
508 1627 727 1712 illiun'inquit,
746 1631 969 1708 impudentiam
984 1648 1074 1693 uorat
1087 1649 1118 1693 et
1129 1637 1244 1694 duo-itu·

137 1731 254 1788 dr'nem.

181 1830 341 1916 Noniusp.
356 1827 429 1904 100,
443 1829 503 1890 212
517 1853 532 1886 ι
550 1829 702 1891 Duritudo
715 1848 773 1914 pro
786 1828 911 1894 duritie.
923 1830 1003 1894 Cato
1013 1831 1047 1894 in
1058 1831 1221 1896 Veturium
1235 1859 1242 1893 ε

140 1932 202 2013 Qui
210 1928 304 2002 illius,
316 1929 430 2010 inquit,
443 1927 1051 2005 imprudentiumuorutetduritrud'nem.»
1071 1932 1243 1996 HoeaGel·

138 2032 182 2093 lio
191 2031 332 2112 sumpsit,
350 2029 403 2092 ubi
415 2025 525 2092 melius
540 2032 760 2108 impudentium
771 2031 898 2112 tegitur.

184 2134 336 2196 Memorat
348 2131 465 2195 Nouius
480 2151 512 2212 p.
528 2130 599 2204 149,
620 2132 658 2194 3:
679 2133 895 2204 «Plevitutem,
910 2133 1151 2214 ignobilitatem.
1167 2136 1245 2200 Cato

140 2249 198 2312 pro
213 2228 344 2296 Veturio
359 2250 367 2289 ε
385 2227 517 2307 Propter
527 2234 706 2288 nemitorem
723 2245 753 2291 et
764 2231 982 2308 plenitatem·
1004 2229 1041 2292 ld
1056 2231 1156 2296 eidem
1175 2254 1242 2296 oru-

140 2332 218 2394 tioni
237 2337 270 2390 iu
295 2332 334 2392 L.
359 2331 520 2396 Veturium
537 2332 676 2404 vindico,
696 2353 897 2414 erroremque
912 2334 1126 2416 inscriptionis
1150 2336 1246 2414 negli-

139 2429 253 2507 gentius
270 2429 374 2502 Nonii,
396 2449 487 2509 quem
509 2427 575 2510 ejus
596 2428 643 2489 rei
658 2430 800 2492 accusari
815 2450 909 2492 nemo
923 2429 1100 2506 mirabitur,
1128 2433 1243 2495 tribuo.

138 2533 256 2612 Pcpmu
269 2541 302 2592 et
315 2529 394 2592 Lion
407 2531 472 2590 haec
486 2529 585 2591 verbu
598 2525 738 2591 orationi
749 2547 809 2608 pm
827 2529 861 2593 L.
884 2529 981 2591 Turro
995 2545 1102 2590 comm
1113 2531 1245 2592 Getieum

141 2629 294 2708 inserunt,
310 2627 511 2712 eamdemque
525 2627 707 2714 opinionem
730 2627 888 2713 amplexus
906 2643 953 2692 est
966 2629 1077 2693 Wasse
1096 2627 1136 2690 ud
1150 2631 1244 2712 Frug.

140 2727 259 2791 Hister.
272 2725 335 2792 vol.
349 2727 395 2803 11,
410 2747 444 2812 p.
457 2725 517 2792 293
531 2730 583 2790 ed.
596 2727 733 2791 Haverc.
752 2719 831 2816 [Alii
842 2727 931 2792 codd.
951 2721 1157 2816 plantatum]

181 2828 231 2890 De
254 2825 345 2893 titulo
366 2826 517 2907 orationis
538 2827 667 2890 multum
687 2826 869 2908 ambigitur.
892 2830 931 2892 ln
952 2845 1015 2888 uuo
1035 2839 1158 2890 tuntum
1178 2828 1247 2892 loco

139 2926 254 3004 legitur
264 2927 301 2984 de
311 2925 475 3006 sacrilegio
486 2929 664 3000 commisso,
675 2925 707 2986 in
723 2926 835 2990 ceteris
849 2927 888 2984 de
900 2927 985 2986 sacri
1024 2927 1055 2983 io
1066 2929 1245 2987 commisso.

138 3021 250 3086 Plures
270 3017 334 3084 viri
348 3020 433 3085 docti
446 3019 612 3104 ubiquede
625 3021 788 3102 sacrilegio
803 3021 971 3082 commisso
985 3018 1148 3102 legendum
1174 3043 1245 3085 cen·

139 3123 262 3189 sebuut.
281 3123 343 3188 Sed
357 3143 397 3184 ex
419 3124 496 3204 ipsis
516 3123 698 3203 fragmentis
717 3125 783 3186 haec
794 3124 903 3208 opinio
918 3121 1100 3188 confirmari
1113 3143 1178 3188 uun
1193 3143 1246 3205 po·

140 3235 219 3301 ως
237 3220 324 3286 nullu
337 3221 383 3284 ibi
395 3218 483 3284 euim
496 3222 652 3302 murilegii
666 3220 822 3286 commissi
832 3221 869 3286 fit
881 3222 1010 3288 mentio·
1025 3223 1103 3286 Cute
1117 3222 1247 3288 Veturio

137 3341 251 3408 equum
270 3326 341 3388 ideo
355 3324 460 3408 potius
479 3325 629 3387 udemisoe
640 3319 775 3401 videtur,
797 3321 877 3406 quud
891 3320 1120 3408 nimispinguis
1132 3331 1168 3385 et
1179 3344 1262 3388 corn

102 3455 107 3468 x
138 3423 283 3506 pulentus
293 3434 375 3496 erut,
389 3442 427 3485 uc
436 3420 591 3484 sacrificiu
605 3433 686 3485 stetu
700 3425 882 3485 deseruerat
895 3422 946 3483 vel
958 3419 1154 3501 negligenter
1164 3441 1246 3482 com·

139 3519 277 3584 miserat.
291 3517 400 3602 Quare
408 3519 583 3594 orationem
589 3519 629 3580 de
636 3519 794 3602 sacrificus
802 3516 1247 3599 commissuiueeripeiueeeum

139 3633 235 3703 puto.
257 3623 339 3701 quud
356 3619 512 3704 significat
526 3621 638 3682 Oruu'o
649 3620 691 3682 de
701 3623 805 3695 saurir
823 3642 845 3682 a
859 3619 993 3682 Veturio
1001 3619 1117 3700 suem.
1131 3619 1248 3703 Pepmu

140 3719 247 3794 inutili
258 3741 356 3808 opere
368 3723 506 3818 correxit
515 3723 554 3782 da
563 3721 719 3803 maffeio
738 3725 867 3794 mutuo
884 3717 989 3808 [Adde
1019 3718 1163 3809 pilli-J
1306 3737 1310 3746 ·

242 3875 281 3936 19
305 3883 338 3936 et
360 3871 413 3933 20.
435 3892 604 3937 onurronrs
626 3886 666 3934 nn
688 3881 805 3934 nntcru
828 3879 944 3934 conrttt
966 3891 996 3932 t.
1020 3883 1148 3935 tuntum.
1235 3861 1242 3892 '¹
1268 3852 1332 3921 ¹33

181 4027 296 4108 Utrum
308 4020 422 4089 Furius
436 4011 489 4086 illc
503 4021 546 4087 sit
560 4019 598 4084 L.
611 4019 723 4086 Furius
739 4015 920 4108 Purpureo,
942 4037 1073 4105 quocum
1088 4042 1251 4106 censorum

143 4125 277 4206 petierat
286 4124 379 4220 Cato,¹
395 4145 434 4188 un
445 4126 480 4188 t.
495 4115 607 4200 Furius
620 4113 738 4227 ¹Philus,
752 4112 942 4200 ignoramus.
961 4117 1108 4203 Quisquis
1122 4118 1175 4212 ille
1190 4133 1248 4195 est,
