2904 4838
770 363 840 435 218

441 589 535 662 XVl.
564 590 612 661 tt.
641 589 801 663 AEmilius
829 587 981 688 Lepidus
1007 587 1165 664 Porcina.

596 701 768 802 [Ellendt.
798 717 836 812 p.
863 703 910 775 26
936 701 1014 800 sq.]

298 911 364 973 Cio.
379 911 467 972 Brut.
483 929 512 970 c.
525 909 563 970 25
578 930 585 969 ι
603 903 645 968 M.
657 905 797 970 AEmilius
812 905 956 990 Lepidus,
972 907 1024 988 qni
1035 911 1082 969 est
1093 903 1229 970 Porcina
1244 902 1354 980 uictus,

252 1004 361 1070 iisdem
375 1006 567 1090 temporibus
578 993 656 1080 iere,
673 1007 785 1089 quibus
804 1001 918 1082 Galba,
942 1005 995 1068 sbti
1009 1006 1102 1088 penio
1119 1004 1224 1068 minor
1237 996 1315 1064 nat'tu
1327 1017 1358 1066 et

253 1126 390 1172 summus
405 1121 511 1172 orator
528 1121 574 1171 est
597 1107 722 1172 habitus
746 1119 778 1172 et
801 1109 869 1184 luit,
884 1121 920 1170 ut
938 1120 1068 1190 apparet
1088 1105 1355 1178 exorationibus,

253 1206 389 1291 scriptor
402 1229 477 1270 sane
487 1205 597 1270 bonus.
614 1207 681 1268 lloc
692 1205 726 1268 in
737 1219 862 1268 oratore
871 1204 982 1270 Latino
993 1203 1129 1288 primum
1139 1202 1218 1266 mihi
1233 1204 1356 1267 uidetur

252 1321 284 1370 et
299 1307 409 1373 levitas
419 1305 477 1394 (sio
490 1308 549 1388 leg:
565 1328 603 1370 ex
620 1305 802 1389 conjectura
813 1307 923 1371 Orellii
938 1307 1036 1370 nostri
1048 1328 1106 1396 pro
1121 1306 1249 1391 lenitus)
1266 1309 1356 1390 tipplt·

250 1409 351 1473 ruisse
361 1407 605 1474 illaGraeoorum
622 1418 655 1500 et
668 1407 837 1470 verborum
854 1409 1090 1490 comprehensio
1106 1421 1138 1470 et
1149 1407 1215 1492 jam
1230 1405 1352 1481 artifex,

251 1519 286 1568 ut
305 1506 350 1568 ita
372 1506 484 1580 dicam,
499 1501 598 1566 stilus.
615 1503 704 1566 Hunc
719 1505 854 1568 studiose
868 1505 928 1568 duo
939 1505 1151 1569 adolescentes
1171 1505 1353 1586 ingeniosis-

251 1599 322 1668 simi
329 1617 364 1668 et
371 1625 469 1690 prope
478 1603 655 1686 aequatesc.
668 1593 773 1669 Carbo
782 1604 869 1669 et'l'i.
882 1601 1046 1670 Gracchus
1057 1604 1164 1670 audire
1174 1605 1259 1668 soliti
1272 1614 1351 1668 sunt.
1413 1611 1414 1616 ’
1446 1595 1447 1600 ’

250 1703 417 1770 -Consul
431 1703 489 1769 luit
503 1728 532 1770 a.
550 1707 591 1774 U·
611 1687 687 1770 bib.
1258 1721 1260 1729 ’

156 1771 223 1848 ¹⁰8
292 1805 449 1872 Priscian.
465 1804 521 1884 lX,
540 1809 572 1886 l,
587 1829 617 1892 p.
630 1799 718 1872 '4562
737 1799 876 1871 AEmilius
888 1795 1022 1870 Porcina
1033 1804 1068 1869 in
1078 1793 1231 1884 orubione,
1250 1808 1353 1868 utitor

247 1899 385 1968 AEmtlta
408 1905 606 1988 abrogetur:
635 1906 793 1987 Tempore
816 1911 978 1968 astiturum
1005 1919 1094 1992 utque
1113 1905 1281 1983 petiturum
1307 1927 1353 1965 me

122 2036 124 2047 ·
246 2028 324 2068 esse.
1096 2021 1099 2028 “
1198 2023 1200 2030 ’

284 2147 326 2200 lert
344 2145 472 2213 AErttt‘lr'al
489 2147 627 2210 lneertutu
641 2157 695 2204 est,
707 2162 741 2199 au
757 2111 801 2196 lex
813 2143 928 2212 AEmilio,
946 2156 977 2201 ut
996 2161 1108 2222 censura
1124 2163 1212 2197 annua
1225 2157 1253 2198 ot
1268 2163 1351 2196 seme-

321 2233 381 2284 stris
392 2241 473 2302 esset,
486 2245 546 2302 quae
559 2225 767 2301 quinquennalis
778 2227 874 2290 fuerat,
890 2226 925 2278 sit
939 2223 1126 2298 intelligenda,
1140 2244 1198 2301 quse
1211 2246 1236 2279 a.
1252 2225 1286 2280 U.
1302 2229 1353 2280 320

323 2315 450 2380 latuerat,
464 2335 498 2367 an
510 2315 598 2388 legum
610 2297 773 2368 llimiliarum
787 2333 851 2379 una,
864 2331 922 2386 quae
937 2333 951 2364 a
964 2311 1002 2368 Μ.
1016 2309 1121 2368 AEmilio
1134 2304 1231 2366 Scauro
1240 2313 1352 2367 consule

319 2421 342 2452 a.
357 2401 393 2454 U.
410 2401 462 2453 639
475 2397 604 2472 originem
617 2399 720 2452 ducunt
732 2399 769 2470 (v.
784 2397 857 2451 Plin.
868 2399 904 2450 Η.
919 2397 954 2448 N.
968 2395 1040 2460 Vttl,
1055 2399 1109 2465 bl).
1125 2399 1178 2450 ltoe
1195 2399 1287 2468 negari
1304 2415 1351 2469 po-

318 2498 379 2550 test,
389 2499 491 2539 aetatem
501 2481 600 2539 AEmilii
609 2483 727 2538 Porcinae
735 2481 768 2537 nd
777 2484 849 2538 hune
862 2499 948 2555 usque
960 2487 1060 2538 annum
1071 2483 1210 2556 procedere
1219 2482 1350 2554 potuisse.

252 2626 254 2635 ,
322 2560 404 2634 [Eric
417 2565 511 2631 cobb.;
531 2565 593 2619 edd.
606 2577 671 2619 vett.
685 2568 799 2633 abesse]

522 2733 641 2804 xvtt.
670 2733 712 2802 L.
742 2731 944 2804 Scribonius
970 2730 1071 2803 Libo.

288 2909 356 2974 Cic.
379 2909 467 2971 Brut.
485 2929 513 2970 c.
539 2907 597 2970 tt:
616 2911 717 2988 Atque
731 2908 826 2970 etiam
841 2877 939 2992 ipsum
955 2909 1107 2974 Libonem
1122 2932 1185 2976 non
1200 2912 1348 2976 insontem

250 3013 341 3074 video
357 3011 458 3084 luisse,
475 3023 509 3072 ut
523 3029 565 3068 esc
578 3008 769 3070 orationibus
783 3005 851 3092 ejus
867 3007 999 3091 intelligi
1013 3025 1129 3097 potest.
1209 3021 1214 3026 '

280 3144 412 3214 Libonem]
433 3148 465 3226 1..
484 3143 639 3222 Scribonius
658 3143 739 3208 Libo,
760 3145 805 3216 qui
820 3145 946 3202 tribunus
967 3148 1006 3221 pl.
1028 3169 1052 3205 e.
1072 3151 1122 3202 604
1142 3153 1305 3224 rogationem
1321 3154 1346 3206 in

319 3223 378 3282 Ser.
389 3229 503 3282 Galbam
517 3227 738 3300 promulgaverat.
756 3226 819 3282 Vid.
833 3229 902 3283 Livii
916 3231 988 3301 Epit.
1002 3223 1100 3286 XLIX.

402 3388 554 3462 ntur·
579 3379 615 3460 u
638 3389 737 3460 xix.
768 3392 810 3461 r..
836 3407 872 3462 o
896 3392 958 3488 ep.
985 3347 1160 3464 'nummu

286 3583 354 3646 Cic.
366 3573 454 3643 Brut.
464 3587 500 3642 'e
511 3579 566 3656 25,
580 3577 620 3640 st
631 3597 641 3640 t
653 3578 790 3643 Fuerunt
800 3579 834 3643 in
846 3600 976 3644 numero
986 3595 1146 3654 oratorum
1156 3584 1345 3660 mediocrum

201 3736 208 3748 .
244 3677 279 3745 t.
297 3697 329 3744 et
341 3683 395 3766 Sp.
410 3679 562 3755 Mummii,
576 3678 701 3756 iratres,
714 3699 844 3761 (prorum
857 3693 980 3746 exstant
993 3682 1154 3754 amboruu
1169 3687 1343 3760 oratiorum:

244 3781 372 3863 simplex
398 3779 520 3862 quidem
544 3778 657 3840 Lucius
681 3787 713 3838 et
733 3777 887 3858 antiquus,
913 3779 1044 3862 Spurius
1056 3797 1159 3850 atttem
1180 3780 1280 3851 nihilo
1294 3786 1346 3850 ille

244 3875 367 3961 quidem
380 3875 531 3950 ornauor,
548 3877 602 3946 sed
613 3887 717 3935 minen
731 3871 934 3952 amuiotior:
950 3875 1007 3941 luit
1019 3881 1103 3947 enim
1118 3883 1228 3947 doctus
1242 3902 1282 3946 ex
1302 3885 1344 3945 di·

243 3975 374 4060 sciplina
384 3972 571 4037 Stoicorum.
625 4019 628 4026 ,
827 4013 829 4017 -

285 4071 490 4148 Priscianll,
509 4075 539 4148 9,
561 4093 593 4154 p.
611 4070 672 4134 514
689 4097 697 4132 =
714 4073 870 4138 Dixerunt
887 4077 974 4140 rateto
994 4091 1027 4145 et
1047 4081 1148 4156 saum
1171 4082 1245 4148 inde
1261 4083 1342 4144 saltt-

243 4191 328 4237 turur
338 4185 371 4239 et
385 4174 528 4235 salsurus.
545 4171 726 4236 Mummius:
741 4173 760 4235 1
763 4187 836 4236 stare
850 4195 917 4238 sum
932 4177 1025 4240 mulm
1037 4177 1098 4242 sale
1111 4181 1258 4248 salsurus.
