2904 4838
778 300 844 370 116

261 435 328 510 bat,
348 436 375 498 si
389 438 518 517 lustrurn
532 437 606 500 ielis
620 434 845 514 condidissent,
861 438 888 501 si
902 438 1017 500 horrea
1031 437 1138 502 messis
1151 437 1317 520 implesset,
1334 437 1359 499 si

260 536 414 602 vindemia
425 540 640 612 redundasset,
663 539 689 600 si
702 540 818 602 oliveta
828 541 917 619 targa
929 537 1101 602 fluxissent.
1118 566 1133 596 s

301 639 360 702 Hic
373 638 486 704 finiunt
499 641 658 704 orationes
671 641 831 704 censorie.
846 633 897 726 [V.
910 641 950 702 ad
960 659 1032 722 pag.
1046 641 1086 705 28
1099 637 1284 728 adscripta]

550 805 600 868 31.
626 825 735 870 ossam
750 828 781 868 tn
800 826 897 869 unctu
913 826 1060 868 oscuras.

298 960 435 1023 Macroh.
449 961 516 1024 Sat.
530 964 572 1038 tl,
584 962 622 1024 13
634 983 642 1022 2
655 987 669 1017 ι
681 957 788 1024 Prima
796 958 935 1024 omnium
945 963 984 1024 de
995 960 1091 1024 crenis
1101 960 1152 1023 lex
1163 961 1203 1022 ad
1213 959 1358 1043 populum

251 1061 369 1126 Orchia
381 1063 538 1146 pervenit,
555 1084 647 1146 quarn
666 1062 738 1126 tulit
749 1060 787 1134 C.
797 1061 933 1126 Orchius
947 1063 1089 1126 tribunus
1107 1062 1151 1144 pl.
1167 1062 1261 1125 tertio
1275 1083 1359 1138 anno

254 1181 346 1243 quarn
358 1163 437 1227 Cato
451 1183 563 1226 censor
575 1166 689 1234 fuerat,
705 1162 793 1244 cujus
806 1163 916 1238 verba,
941 1164 1013 1244 quia
1033 1175 1105 1225 sunt
1123 1160 1257 1244 prolixa,
1280 1183 1357 1246 prae·

247 1275 352 1326 terso.
373 1264 498 1327 Summa
516 1276 619 1328 autem
633 1262 699 1345 ejus
713 1263 934 1344 praescribebat
954 1283 1118 1326 numerum
1132 1263 1356 1341 convivarum

247 1373 284 1422 et
294 1361 359 1420 hoec
370 1372 417 1420 est
431 1357 620 1432 leaOrchia,
631 1358 670 1420 de
684 1357 827 1438 quaCato
841 1361 872 1415 t'n
885 1360 1078 1419 orationibus
1092 1361 1155 1422 suis
1165 1359 1357 1426 vociferaba-

247 1474 318 1533 tur,
336 1461 417 1540 quod
438 1460 554 1540 plures,
575 1478 667 1540 qnam
688 1457 868 1540 prescripto
888 1457 954 1540 ejus
975 1458 1157 1533 cavebatur,
1178 1463 1217 1522 ad
1237 1482 1356 1525 coenam

250 1569 524 1620 vocarentur.»-
538 1553 587 1620 De
602 1575 731 1618 numero
746 1551 951 1617 convivarum
965 1575 1027 1618 non
1042 1568 1183 1618 constat:
1198 1559 1252 1619 sed
1264 1561 1357 1623 notis·

249 1654 360 1717 simum
379 1667 427 1717 est
445 1653 662 1737 proverbium:
684 1653 809 1731 Septem
824 1656 1016 1714 convivium.-
1036 1673 1142 1714 norem
1161 1674 1238 1726 vero
1257 1664 1357 1718 convi-

248 1755 343 1828 cium,
356 1747 380 1810 i.
394 1769 423 1812 e.
440 1763 557 1832 septem
572 1745 713 1812 convivae
727 1749 905 1812 convivium
918 1747 1038 1811 iaciunt
1050 1748 1232 1830 legitimum,
1242 1771 1354 1816 novem

249 1847 391 1908 convive
405 1849 528 1908 modum
543 1847 714 1920 excedunt3
735 1846 816 1925 qnod
830 1845 945 1925 legitur
959 1847 1042 1928 apud
1054 1847 1117 1908 tot.
1134 1845 1306 1930 Capitolia.
1322 1849 1353 1911 in

249 1948 333 2008 Vero
349 1947 429 2027 Imp.
445 1963 475 2006 c.
489 1942 519 2005 5.
544 1941 673 2024 Pighius
687 1941 720 2005 in
736 1943 852 2006 Annal.
869 1945 909 2004 ad
923 1962 953 2004 a.
968 1943 1041 2016 stt,
1061 1963 1095 2026 p.
1109 1943 1191 2005 330:
1207 1970 1222 2001 ι
1241 1947 1353 2026 Legem

244 2046 288 2106 de
299 2063 429 2106 numero
442 2044 657 2120 convivarum,
671 2039 784 2124 inquit,
801 2043 838 2105 C.
852 2043 966 2106 Oreius
977 2041 1119 2105 tribunus
1130 2045 1174 2126 pl.
1188 2045 1304 2128 primus
1315 2049 1357 2110 de

247 2157 372 2206 senatus
392 2145 548 2206 sententia
571 2141 653 2218 tulit,
675 2145 770 2205 tertio
792 2163 883 2224 quam
902 2143 982 2206 Cato
1003 2163 1114 2206 censor
1134 2144 1236 2208 iuerat
1255 2167 1351 2223 anno,

247 2246 502 2324 quemadmodum
516 2243 695 2306 Macrobius
710 2241 796 2326 (1.1.)
814 2255 946 2306 testatur
961 2240 1088 2306 diserte.
1106 2245 1219 2325 Legem
1236 2247 1279 2309 Μ.
1295 2247 1355 2311 Ca·

246 2355 351 2404 tonem
373 2339 550 2404 discussisse
571 2341 705 2424 primum
726 2361 767 2403 eu
787 2341 878 2404 Festo
899 2338 1046 2421 colligere
1060 2361 1226 2424 possumus,
1243 2342 1298 2424 qui
1315 2367 1353 2408 ex

247 2439 373 2505 Catonis
386 2441 540 2516 oratione,
557 2462 618 2523 qua
631 2441 731 2520 legem
741 2440 870 2505 Orciam
883 2438 1048 2518 dissuadet,
1061 2442 1159 2504 verba
1172 2441 1259 2504 citat.
1276 2445 1353 2508 Per·

244 2543 340 2606 laum
351 2562 428 2606 vero
441 2555 547 2626 postea
561 2539 743 2616 defendisse,
767 2561 807 2603 ex
826 2540 893 2622 ejus
912 2541 974 2604 alia
991 2539 1133 2606 oratione
1146 2543 1228 2605 idem
1243 2543 1352 2609 Festus

243 2643 450 2718 demonstrat,
467 2638 523 2704 ubi
536 2644 643 2714 docet,
660 2642 733 2722 quid
751 2639 793 2701 sit
807 2640 1025 2702 obsonitavere.
1050 2639 1236 2706 Diseussisse
1258 2643 1350 2725 igitur

244 2743 379 2822 primum
392 2741 521 2806 Orciam
536 2741 659 2803 ridetur
673 2739 763 2815 Cato,
788 2751 822 2799 nt
843 2739 935 2802 nimis
956 2741 1068 2816 laxant,
1085 2742 1166 2822 quod
1186 2762 1349 2806 nnmerum

244 2825 447 2891 convivarum
460 2825 649 2889 solummodo
662 2824 848 2886 terminaret
858 2837 890 2886 et
898 2836 1037 2906 sumptus
1048 2846 1111 2889 non
1122 2827 1346 2906 restringeret:

168 2909 216 2981 43
241 2936 348 3004 postea
366 2943 442 2986 vero
463 2942 527 2984 non
547 2921 601 2982 din
620 2921 659 2980 de
679 2920 737 2982 hac
757 2920 831 2980 item
850 2920 884 2982 in
902 2921 1095 2986 orationibus
1114 2925 1188 2995 suis,
1212 2937 1247 2985 ut
1267 2926 1349 2988 idem

242 3018 419 3080 Macrobius
441 3016 498 3092 ait,
521 3014 764 3090 vociferabatur,
789 3017 869 3096 quod
893 3016 1008 3100 plures,
1033 3039 1126 3100 quant
1145 3017 1250 3083 Orciae
1270 3042 1347 3103 prae·

241 3119 359 3202 scripto
370 3118 551 3192 cavebatur,
561 3128 626 3177 tum
636 3118 676 3178 ad
684 3137 806 3180 coenam
815 3119 1208 3205 succremento—Habuit
1215 3123 1346 3204 primam

241 3216 427 3288 orationem,
435 3234 494 3297 qus
502 3213 605 3294 legent
611 3211 760 3278 Orchiam
767 3211 974 3292 dissuadebat,
986 3237 1068 3282 anno
1076 3218 1137 3282 512
1153 3223 1191 3284 P.
1200 3218 1347 3284 Cornelio

241 3315 389 3400 Cethego,
401 3317 443 3378 M.
454 3314 559 3377 Baebio
570 3313 670 3390 nosse
680 3317 770 3378 modo
781 3336 891 3380 verum
902 3317 953 3392 sit,
970 3318 1072 3396 legem
1083 3320 1143 3386 boc
1155 3340 1238 3382 anno
1248 3321 1345 3384 latam

241 3439 319 3482 esse.
330 3418 420 3488 eant.
431 3416 577 3481 Creuzer.
589 3415 732 3500 Antiqui.
744 3421 833 3482 Rom.
847 3441 878 3501 p.
892 3419 966 3482 428.
978 3420 1155 3485 Macrobius
1165 3425 1343 3488 certehnnc

241 3539 356 3582 annum
367 3519 514 3584 describit
526 3541 534 3581 ε
547 3521 585 3582 de
596 3520 695 3582 altera
707 3540 823 3584 annum
835 3520 1000 3602 explorare
1010 3540 1074 3584 non
1086 3521 1218 3586 licen-
1228 3527 1346 3608 Popma

240 3633 273 3684 et
281 3621 360 3682 Lion
371 3633 533 3703 utramque
544 3617 719 3684 orationem
733 3619 935 3682 confundunt.

281 3722 465 3802 Fragmenta
476 3717 628 3786 orationis
641 3725 674 3780 in
688 3721 787 3800 legem
799 3719 949 3780 Orchiam
965 3721 1031 3782 hec
1046 3736 1129 3786 sunt.

279 3819 454 3886 Scholiasta
460 3821 631 3887 Vaticanus
646 3822 685 3882 ad
695 3819 858 3884 Ciceronis
866 3820 1041 3888 statianam
1055 3843 1126 3907 cap.
1139 3824 1192 3898 66,
1204 3827 1255 3888 ed.
1267 3825 1344 3888 Maii

238 3925 302 3990 rol.
312 3926 338 4000 1,
349 3945 381 4009 p.
395 3927 452 3988 161
469 3921 512 4006 (p.
526 3924 643 4005 310sq.
656 3923 704 3984 ed.
716 3921 846 4006 Orell.)=
857 3922 936 3986 Cato
950 3919 984 3986 in
999 3924 1098 4006 legem
1107 3926 1258 3990 orchim
1268 3946 1343 3990 con·

190 4035 196 4052 ·
237 4025 341 4087 serens
361 4045 398 4087 ea
418 4039 486 4103 quar
506 4017 625 4084 virtus:
646 4019 686 4078 Ut
705 4040 835 4082 summae
854 4021 964 4102 glorie
980 4027 1038 4084 sint
1057 4048 1079 4086 a
1093 4030 1205 4086 vinata
1215 4027 1343 4108 profici·

238 4125 378 4186 scenam
402 4118 557 4180 dedecoris
581 4135 655 4178 vern
678 4119 834 4196 precipui
858 4123 1082 4190 existimentur,
1108 4142 1177 4206 quae
1202 4121 1345 4201 volrtptaa
