2904 4840
780 345 823 416 78

246 485 365 564 maguis
387 480 523 564 ingeniis
548 481 836 569 animadvertimus)
861 481 913 544 illa
937 481 1103 566 peculiaris
1119 482 1185 544 laus
1206 481 1276 554 luit,
1298 493 1340 544 ut

248 603 309 646 nou
327 559 427 659 ,solum
440 603 546 646 omnes
566 580 667 647 adiret
682 585 822 646 humane
839 583 974 646 scientie
1001 593 1104 663 partes
1117 595 1207 662 atque
1220 581 1340 654 tontes,

247 677 414 744 sedetiam
438 677 508 742 aliis
531 679 729 760 patefaceret,
749 693 782 742 et
799 699 906 748 omnes
928 674 1050 758 ingenti
1073 673 1210 740 tacendi
1232 677 1336 738 studio

168 855 171 860 ,
247 779 442 844 accenderet.
456 780 583 839 Factum
599 773 739 851 estiude,
756 789 867 840 utnon
886 776 984 838 solum
996 770 1163 855 aequalibus
1172 773 1336 837 honestum

246 871 416 949 videretur,
430 891 555 955 operam
575 869 676 935 literis
692 873 778 948 dare,
802 873 856 936 sed
867 885 902 933 ut
915 883 1004 934 aetate
1018 869 1159 952 juniores
1176 867 1231 934 vix
1241 868 1341 936 alitum

245 982 456 1052 sequerentur,
485 988 583 1049 news
603 969 642 1030 ad
665 969 757 1035 alium
772 989 837 1038 sese
858 966 1054 1050 applicarent
1071 967 1123 1030 vel
1139 962 1336 1030 institutione

245 1068 426 1148 gauderent,
454 1077 486 1128 et
507 1065 647 1128 laudibus
668 1062 903 1148 adquiescerent
927 1061 990 1128 nisi
1012 1061 1183 1139 Ciceronis,
1214 1061 1337 1127 etiamsi

246 1166 317 1234 vitre
330 1165 470 1230 instituto
483 1179 515 1228 ct
525 1187 655 1242 morum,
670 1181 704 1229 ut
717 1169 841 1244 Brutus,
855 1168 905 1230 vel
919 1164 990 1228 eliis
998 1179 1103 1248 postea
1112 1166 1260 1248 exemplis
1266 1166 1340 1228 imi-1

246 1267 357 1340 taudie
377 1263 534 1328 utCalvus
547 1261 632 1338 fecit,
653 1262 692 1326 ab
705 1261 772 1342 ejus
785 1276 852 1325 arte
869 1275 900 1325 et
911 1261 1033 1326 ratione
1051 1259 1244 1326 dissiderent.
1260 1264 1336 1326 Pro·

246 1359 322 1426 nimi
340 1375 412 1424 sunt
432 1363 563 1440 equales
575 1360 648 1432 duo,
664 1359 754 1421 ambo
771 1372 919 1432 oratores,
944 1361 998 1420 sed
1021 1357 1158 1436 ingenio,
1184 1360 1333 1434 moribus,

246 1459 311 1524 vita
324 1463 414 1540 longe
427 1460 554 1534 diversi,
568 1459 617 1518 M.
641 1458 753 1520 Coelt'us
773 1458 871 1535 Rufus
884 1468 916 1518 et
939 1456 978 1518 C.
994 1459 1135 1520 Licinius
1153 1457 1271 1518 Calvus.
1290 1460 1338 1520 Dc

246 1555 312 1630 illo,
334 1577 424 1638 quem
434 1553 572 1642 priorem
590 1554 798 1630 tractabimus,
815 1565 887 1615 aute
901 1572 957 1616 uos
976 1549 1053 1614 dixit
1063 1553 1112 1615 vir
1124 1553 1340 1618 meritissimus

246 1660 283 1721 P.
306 1655 472 1735 Manutius,
488 1653 631 1739 prooemii
649 1657 748 1718 instar
762 1656 830 1738 ejus
853 1653 950 1718 vitam
969 1653 1199 1718 commentariis
1221 1657 1285 1718 suis
1303 1661 1340 1722 iu

245 1756 359 1818 librum
373 1758 450 1821 Vlll
465 1751 671 1836 Epistularum
682 1756 719 1816 ad
728 1753 865 1816 diversos
878 1751 1050 1837 praetigens.
1064 1751 1158 1834 Cujus
1165 1748 1228 1814 viri
1240 1751 1339 1835 copiis

245 1855 290 1922 ita
309 1871 442 1929 utamur,
467 1868 512 1928 ut,
530 1868 678 1933 quantum
694 1867 795 1936 potest
819 1853 898 1928 lieri,
920 1872 985 1934 quaa
1004 1849 1058 1914 ille
1078 1848 1182 1932 tetigit
1197 1852 1340 1933 pleniora

245 1960 374 2020 reddere
387 1955 569 2018 studeamus.
586 1958 673 2022 Gens
685 1954 782 2018 Coelis
792 1953 906 2018 nobilis
920 1955 1052 2018 nonfuit
1064 1965 1137 2016 aute
1151 1953 1189 2015 C.
1204 1951 1332 2015 Coelium

245 2055 385 2128 Caldum,
397 2051 468 2114 Cos.
485 2071 555 2112 cnm
565 2052 624 2116 Cu.
641 2051 776 2115 Domitio
791 2073 820 2114 a.
842 2055 915 2118 659.
932 2052 1021 2116 Cous.
1039 2054 1078 2113 de
1094 2051 1261 2115 Coeliorum
1275 2053 1336 2112 ori·

244 2151 368 2232 ginibus
384 2149 529 2231 Pighinm
549 2157 633 2215 Anu.
652 2157 712 2231 111,
735 2176 767 2236 p.
793 2155 845 2229 28,
868 2168 900 2218 et
915 2154 988 2216 201.
1010 2156 1123 2216 Noster
1145 2139 1248 2214 tamen
1267 2172 1337 2214 cum

245 2248 299 2339 illa
317 2249 434 2312 familie
458 2249 536 2312 nihil
560 2269 719 2314 commune
746 2251 851 2325 habet,
873 2270 938 2331 qnae
959 2247 1120 2312 Ciceronis
1135 2251 1229 2313 etiam
1248 2262 1337 2312 rotate

246 2347 397 2422 occurrit,
413 2349 552 2429 quamvis
567 2349 734 2412 honoribus
751 2331 825 2412 non⁴
840 2347 1013 2414 nobilitata.
1036 2351 1083 2411 Dc
1107 2349 1239 2412 nominis
1258 2349 1336 2409 scri-

244 2458 336 2527 ptura
350 2465 400 2507 res
416 2459 462 2508 est
475 2441 607 2516 incerta.
631 2447 709 2508 Nam
718 2458 750 2509 et
771 2468 801 2506 ue
819 2461 851 2510 et
872 2471 900 2508 σε
924 2448 1121 2530 preferentes
1142 2457 1339 2508 monumenta

245 2563 327 2608 aerea
342 2540 514 2627 etlapidea,
541 2545 651 2626 quibus
664 2545 819 2621 nitantur,
839 2547 964 2610 habent.
984 2549 1022 2609 V.
1041 2549 1156 2608 Manat.
1174 2542 1208 2607 in
1226 2543 1339 2608 Ortho-

245 2641 375 2725 grapbia
389 2661 415 2704 s.
431 2641 491 2704 hoo
511 2643 645 2706 nominc.
663 2644 819 2706 Praeterea
832 2645 925 2706 etiam
937 2663 1050 2706 nomen
1064 2640 1110 2706 sic
1124 2640 1278 2723 reperitur
1290 2641 1339 2702 de·
1443 2690 1444 2694 ,

180 2825 182 2828 Ι
244 2753 417 2822 pravatum,
434 2750 467 2799 ut
483 2737 627 2800 cecilius
637 2758 694 2821 pro
710 2741 811 2814 Ceto,
823 2752 855 2802 et
869 2759 992 2802 rursum
1006 2740 1118 2802 Coelius
1132 2757 1191 2818 pro
1208 2737 1338 2796 Caecilio

244 2841 376 2916 legatur.
393 2833 472 2900 Vide
485 2838 610 2904 Ruhnk.
627 2839 665 2898 ad
685 2837 842 2900 Rufinian.
857 2858 889 2918 p.
917 2837 995 2913 211,
1011 2836 1215 2918 probabiliter
1238 2855 1338 2897 emen·

248 2937 391 3009 dautem3
408 2946 441 2996 et
454 2933 593 2998 eumdem
607 2932 646 2992 ad
661 2931 769 2995 Vellei.
789 2933 830 3005 ll,
845 2929 897 3005 68,
924 2931 976 3011 qui
990 2930 1132 2994 conferre
1141 2929 1234 3012 jubet
1252 2931 1336 2993 Plin.

245 3037 284 3096 H.
301 3036 340 3096 N.
354 3033 426 3106 vlt,-
443 3031 495 3105 ts,
513 3051 572 3111 quo
584 3044 688 3096 temen
701 3032 768 3094 loco
784 3050 846 3094 nou
860 3051 965 3094 omues
983 3031 1104 3096 codices
1116 3053 1134 3094 a
1148 3051 1232 3100 vero
1245 3033 1341 3100 aben,
1356 3105 1358 3108 ¹

244 3144 367 3196 rerunt.
377 3133 438 3196 Sed
447 3130 538 3204 alter,
552 3149 644 3211 quem
658 3129 760 3204 attens,
779 3126 875 3195 Plinii
885 3133 982 3208 locus,
997 3131 1125 3207 XXVll,
1143 3133 1174 3206 2,
1191 3152 1253 3194 non
1263 3128 1350 3215 satis!

245 3244 348 3296 certus
370 3243 435 3304 est3
452 3241 483 3294 et
499 3230 582 3292 huuc
605 3229 667 3293 alia
688 3231 917 3312 opportunitate
935 3230 1102 3314 separatim
1122 3225 1336 3294 tractabimus.

246 3333 403 3416 Appianus
422 3343 571 3414 praeterea
585 3343 617 3392 et
634 3331 693 3394 Dio
707 3331 806 3407 XLII,
825 3333 878 3407 22,
895 3333 933 3394 de
949 3332 1048 3398 nostri
1071 3329 1168 3395 Coelii
1183 3330 1340 3392 tribunatu

245 3435 415 3514 loquentes,
431 3431 575 3494 mendose
593 3430 748 3492 Cectuum
762 3445 888 3498 vocant.
909 3431 958 3494 Cl.
972 3426 1125 3494 Priscian.
1148 3432 1204 3505 vt,
1229 3450 1260 3511 p.
1278 3429 1343 3503 243ι

246 3535 332 3597 etib.
345 3533 448 3596 varias
459 3527 618 3595 lectiones.
647 3535 689 3596 At
699 3553 718 3595 a
727 3530 834 3598 Vossio
845 3531 972 3596 Dehist.
988 3534 1057 3594 Lat.
1070 3533 1101 3606 l,
1113 3550 1146 3613 p.
1160 3530 1212 3608 34,
1223 3526 1340 3596 cecilii

245 3657 357 3702 nomen
369 3633 485 3717 injuria
499 3631 655 3699 invectum
669 3655 791 3710 censeo,
809 3637 889 3718 quod
899 3635 971 3716 quid
988 3633 1040 3694 hic
1053 3628 1114 3693 sihi
1125 3633 1201 3695 velit
1218 3648 1230 3697 ὁ
1257 3654 1339 3698 uma-

245 3751 326 3807 κταῖος
336 3748 423 3821 ῥήτωρ,
436 3755 497 3800 non
507 3755 580 3798 saue
588 3736 690 3799 video.
703 3739 801 3800 Natus
811 3738 854 3798 M.
867 3735 981 3800 Coelius
993 3732 1088 3795 Rufus
1099 3748 1188 3815 patre
1207 3736 1342 3814 equestri

246 3837 342 3918 quiin
357 3837 523 3921 municipio
537 3838 704 3900 Puteolano
724 3837 947 3920 negotiaretur,
972 3835 1079 3896 eodem
1090 3855 1149 3916 quo
1161 3833 1197 3896 C.
1214 3832 1338 3908 Calvus,

244 3954 339 4010 auno,
355 3934 413 4000 Cn.
429 3936 572 4002 Carbone
585 3939 645 4012 ΙΙΙ,
658 3939 693 3998 C.
705 3938 803 3998 Mario
818 3933 854 3996 C.
870 3935 906 3996 F.
923 3933 1008 3997 Coss.
1027 3935 1086 3998 hoc
1101 3945 1164 4008 cst,
1181 3952 1210 3994 a.
1226 3935 1266 4000 U.
1280 3936 1337 3997 etr

245 4032 257 4112 (
265 4030 346 4097 Pliu.
361 4035 400 4095 Η.
412 4037 448 4098 N.
464 4035 538 4106 Vll,
556 4033 624 4116 49).
635 4029 763 4094 Artibus
773 4041 900 4114 epatre,
913 4028 1103 4094 severissimo
1117 4026 1198 4102 viro,
1218 4030 1331 4094 libera-

245 4132 325 4210 libus
335 4132 467 4200 'honeste
483 4129 618 4193 eruditus
632 4140 687 4205 est,
704 4143 736 4190 et
750 4131 788 4191 ad
806 4127 988 4192 Ciceronem
1013 4141 1043 4190 et
1064 4128 1105 4189 Μ.
1129 4126 1271 4192 Crassum
1285 4129 1337 4190 ad·
