2954 4840
732 337 800 408 386

257 475 412 555 Superest,
429 459 464 536 ut
478 493 629 554 monum,
643 495 662 536 a
675 474 752 536 uiris
765 473 866 538 doctis
878 473 1035 536 interdum
1049 474 1180 536 aliorum
1195 495 1316 556 quoque

217 588 374 639 oratorum
393 575 551 637 orationes
564 575 799 636 commemorari
815 593 889 655 quius
904 576 942 636 de
964 575 1117 654 industria
1132 575 1318 638 omittendas

216 693 284 736 esse
296 671 414 758 putavi,
430 673 502 756 quia
517 685 571 736 aut
584 693 694 736 errore
707 687 760 736 aut
777 671 959 754 conjectura
974 671 1060 755 quasi
1083 676 1215 756 quadam
1227 687 1318 739 teme·

215 773 301 836 raria
317 773 351 835 id
370 772 483 836 lactum
504 787 583 836 erat.
606 773 755 856 Exempla
769 771 925 837 sufficiant
939 773 1067 856 aliquot.
1084 771 1260 854 Scaligerus
1275 777 1314 838 ad

217 871 341 933 Festum
360 889 430 954 pag.
448 869 509 932 213
525 867 698 935 orationem
714 873 818 934 laudat
840 871 1003 944 Varronis,
1017 873 1055 933 de
1068 891 1127 954 qua
1138 873 1204 954 ipse
1215 875 1318 935 Varro

215 972 250 1033 in
266 970 373 1051 quinto
386 969 434 1030 De
447 967 546 1031 latino
556 988 699 1032 sermone
710 969 751 1032 sit
763 969 893 1032 locutus.
912 969 1001 1030 Hane
1014 969 1193 1052 opinionem
1201 969 1235 1032 in
1244 970 1320 1032 salsa

215 1064 348 1129 lectione
358 1063 464 1142 inniti,
480 1086 518 1128 ex
532 1064 689 1148 Spengelii
704 1065 842 1129 editione
856 1058 890 1148 p.¹
904 1066 961 1128 201
979 1067 1055 1128 satis
1069 1079 1210 1148 apparet.
1227 1067 1321 1128 Aliud

216 1163 328 1229 deinde
344 1164 496 1230 orationis
509 1164 714 1228 Varroniano
727 1166 934 1245 fragmentum
949 1186 967 1226 a
980 1165 1117 1228 Daeerio
1135 1165 1267 1228 allartus
1282 1168 1322 1229 ad

216 1268 337 1329 Festum
359 1285 431 1348 pag.
447 1265 522 1336 327,
542 1268 623 1348 quod
643 1286 682 1329 ex
701 1265 829 1328 Catonis
851 1266 995 1351 oratione
1016 1266 1097 1348 apud
1121 1264 1259 1329 Gellium
1279 1268 1318 1341 V,

219 1364 416 1447 relegimus.
437 1365 559 1448 Lipsius
577 1377 680 1428 antem
700 1365 734 1426 in
752 1365 823 1428 Vita
837 1364 933 1429 Corn.
961 1365 1072 1440 Taciti,
1090 1385 1129 1426 ex
1142 1363 1236 1426 Plinii
1250 1367 1322 1448 Epi·

215 1465 320 1546 stolis,
337 1477 369 1526 et
382 1464 522 1526 Tacitum
538 1463 572 1523 in
591 1459 786 1545 principibus
802 1463 981 1525 oratoribus
998 1461 1089 1524 fuisse
1111 1475 1143 1523 et
1164 1461 1322 1526 orationes

219 1566 337 1647 aliquot
349 1564 493 1636 edidisse,
511 1559 644 1642 intelligi
665 1558 754 1624 dicit.
771 1562 949 1625 Meminisse
962 1575 1036 1644 puto
1050 1561 1189 1644 Lipsium
1202 1563 1321 1644 Episto-

217 1663 318 1724 larum
332 1659 429 1722 Plinii
441 1679 500 1737 vn,
516 1658 557 1721 20
572 1671 606 1722 et
619 1679 691 1731 vtis,
704 1660 737 1733 l,
754 1661 809 1721 sed
818 1677 942 1740 verepr,
957 1679 997 1721 ne
1015 1659 1144 1722 nimium
1157 1654 1198 1721 iis
1208 1659 1322 1722 tribue·
1365 1714 1375 1727 .

221 1761 264 1824 rit
277 1781 285 1822 t
299 1759 384 1822 nullo
400 1757 485 1821 enim
499 1758 589 1819 modo
611 1756 685 1818 inde
699 1754 879 1820 confirmari
892 1769 1003 1840 potest,
1022 1757 1179 1820 orationes
1193 1756 1323 1820 edidisse
1383 1775 1386 1783 ·

223 1856 375 1919 Tacitum.
393 1854 554 1916 Postremo
565 1853 703 1934 Angelus
722 1851 820 1914 Maius
831 1872 870 1914 ex
884 1853 1012 1935 epistola
1026 1854 1194 1916 Frontonis
1207 1857 1245 1916 ad
1261 1857 1322 1918 Ve-

225 1977 294 2020 rum
305 1955 523 2038 imperatorem
538 1953 566 2028 1,
580 1974 611 2036 p.
632 1954 703 2031 181,
717 1950 751 2014 in
763 1973 824 2037 qna
835 1953 963 2032 legimus
976 1975 984 2015 ι
996 1953 1032 2018 V
1029 1956 1156 2014 emidius
1167 1956 1230 2030 ille,
1238 1970 1325 2035 post·

219 2076 312 2142 quam
322 2052 457 2115 Parthos
469 2054 569 2133 fisdit,
576 2053 768 2138 fugavitque,
788 2054 831 2112 ad
854 2058 1018 2114 victorium
1038 2075 1125 2114 suam
1149 2057 1320 2134 praedican-

221 2155 294 2212 dam
309 2153 481 2212 orationem
495 2172 514 2208 α
535 2149 574 2210 G.
595 2150 739 2210 Sallustio
752 2165 904 2210 matuatus
917 2167 973 2226 est,
991 2147 1096 2232 colligi
1110 2171 1200 2234 posse
1219 2153 1320 2214 credi-

220 2253 277 2322 dit,
293 2248 420 2310 relietas
430 2245 674 2312 easeaSallustio
689 2247 863 2311 orationes:
874 2270 986 2313 vereor
1000 2248 1118 2328 itidem,
1136 2273 1177 2316 ne
1190 2254 1320 2316 nimium

221 2353 270 2418 his
284 2349 390 2415 uerbis
403 2348 560 2414 tribuerit.
