2904 4838
629 265 698 402 205'

119 459 217 524 inlusa
237 463 459 546 peregrinitas,
479 482 562 528 nunc
583 483 659 528 vero
681 464 775 526 etiam
789 461 942 527 braccatis
962 475 993 524 et
1008 461 1208 546 transalpinis

5 589 6 638 3
119 557 309 637 nationibus,
322 572 360 624 'ut
375 563 489 624 nullm
500 568 611 626 ueteris
628 563 742 643 leporis
756 565 919 644 vestgium
932 573 1092 644 appareat.
1103 563 1210 645 ltaque

118 666 149 718 te
174 676 245 720 eum
268 659 369 733 video,
391 679 497 725 omnes
511 661 589 724 milri
604 661 757 735 Grauios,
780 679 886 723 omnes
910 657 1057 732 Lucilios,
1080 677 1155 722 vere
1174 671 1210 720 ut

5 819 6 826 ,
116 754 229 832 (licam,
246 757 373 820 Crassos
385 772 547 842 quoquest
560 758 678 820 Laelios
691 754 929 822 videreuideor.

158 856 227 921 Cic.
244 859 385 923 Deerat.
413 862 441 934 l,
462 860 502 926 49
516 883 525 921 ε
541 862 670 926 Multum
683 855 770 922 inter
786 880 819 922 se
836 860 954 924 distant
969 861 1036 923 istae
1049 855 1212 921 facultates

115 958 267 1044 longeque
279 975 352 1025 sunt
362 962 494 1026 diversa
508 976 600 1046 atque
611 962 770 1044 sejuncta,
795 981 894 1044 neque
913 963 1021 1026 eadem
1034 956 1158 1024 ratione
1173 975 1211 1019 ac

115 1057 171 1122 sia
183 1061 236 1123 M.
252 1061 344 1138 Cato,
360 1063 401 1126 P.
414 1065 597 1147 Asticomu,
612 1065 651 1148 Q.
668 1062 812 1128 Metellus
825 1058 1080 1148 (Macedonicus),
1097 1061 1133 1122 G.
1146 1059 1213 1118 1.ae-

115 1157 185 1233 ls'us,
196 1159 249 1242 qui
258 1179 367 1226 omnes
380 1161 559 1244 eloquentes
566 1163 701 1240 luerunt,
712 1159 886 1229 orationem
893 1180 978 1226 suam
992 1173 1024 1226 et
1034 1155 1213 1245 reipublicae

116 1256 298 1339 dignitatem
308 1257 475 1328 ornabant.

263 1567 269 1580 ¹
381 1499 411 1561 1.
434 1519 544 1566 orario
564 1518 620 1564 ruo
640 1519 675 1563 sn
695 1519 775 1564 suun
802 1517 950 1562 maurus.

161 1725 269 1790 Festus
281 1747 290 1787 t
305 1725 418 1790 Sauum
434 1741 468 1792 et
480 1729 546 1794 eibi
561 1749 658 1810 geum
669 1749 707 1794 cx
718 1729 816 1793 variis
831 1727 926 1790 rebus
939 1727 1097 1790 condiurm
1107 1738 1165 1802 est,
1182 1739 1214 1790 et

118 1822 168 1885 lex
180 1824 285 1888 multis
297 1825 366 1888 aliis
379 1825 500 1909 legibus
513 1828 693 1892 conferta...
710 1828 748 1894 C.
765 1826 875 1890 Loelius
887 1827 921 1888 in
935 1846 985 1899 ea,
1001 1843 1093 1908 quarn
1110 1844 1168 1906 pro
1181 1845 1214 1888 se

114 1917 212 1985 dixit:
228 1923 305 1984 Dein
312 1939 435 2003 postero
448 1927 496 1986 dte
514 1930 602 2012 quasi
616 1939 824 2004 perstaturum
839 1927 996 1988 sententiis
1015 1925 1169 2007 exquisitis
1183 1925 1214 1980 ln

117 2019 300 2082 dedt'tioitem
312 2025 473 2102 accipitur.
569 2085 572 2092 ,

154 2172 232 2226 quum
238 2175 328 2229 prote
344 2155 433 2226 duct]
451 2177 531 2212 eausa
545 2155 655 2211 aliunde
673 2167 736 2210 nota
754 2174 809 2209 non
829 2167 880 2209 est.
894 2155 963 2216 Cum
977 2165 1065 2208 autern
1082 2155 1215 2220 emamus,

190 2241 299 2298 Laelium
312 2261 371 2298 sese
384 2243 499 2302 multura
510 2245 668 2316 opposuisse
687 2245 719 2296 C.
740 2237 846 2314 Papirio
857 2240 974 2295 Carboni
983 2253 1064 2313 atque
1076 2241 1214 2307 Gracchis,

189 2329 333 2398 praesertim
347 2331 375 2382 in
389 2329 554 2384 dissuasione
567 2327 633 2402 legis
656 2328 776 2401 Papirire,
798 2327 855 2382 reri
867 2326 953 2380 simile
970 2339 1021 2393 est,
1045 2326 1078 2380 ah
1099 2327 1142 2381 his
1163 2327 1214 2380 ali·

188 2411 293 2482 wando
301 2431 359 2467 esse
371 2431 433 2467 eum
444 2431 519 2468 reum
528 2413 626 2467 fantum
635 2432 661 2466 a.
672 2413 722 2466 622
735 2411 778 2465 vel
792 2412 855 2464 stt.

152 2530 340 2604 detitpostero]
359 2537 479 2589 lla-orem
495 2536 655 2589 commisisse
680 2537 787 2589 Festum
807 2553 916 2590 neeesse
937 2546 988 2598 est,
1010 2535 1140 2604 siqnidem
1161 2533 1217 2590 heac

192 2620 271 2676 verba
283 2622 312 2674 in
325 2621 619 2696 Sallustii-Iugurthae.
634 2624 679 2686 29,
690 2624 716 2685 l,
732 2623 871 2696 leguntur,
880 2634 927 2675 aut
936 2621 1095 2692 exemplum,
1105 2622 1217 2692 quodex
1243 2619 1287 2691 97

193 2703 270 2759 Lelii
281 2709 402 2761 oratione
422 2707 555 2773 attulerat,
573 2707 653 2781 culpa
677 2707 844 2762 librariorum
866 2708 973 2761 excidit.
989 2703 1068 2761 conf.
1086 2705 1217 2760 Perizonii

197 2789 426 2847 Animadrvfflist.
440 2809 468 2864 p.
483 2793 545 2847 att.
583 2809 585 2814 ·

160 2913 288 2976 Festus:
308 2914 471 2974 Obsidium
485 2925 641 2998 tamquam
655 2910 842 2999 presidium,
861 2913 1028 2977 subsidium
1042 2925 1127 2976 recte
1142 2902 1217 2976 dici·

120 3024 183 3076 tnr.
195 3012 290 3097 Cujus
298 3011 392 3079 etiam
403 3028 512 3080 auctor
520 3014 556 3080 C.
567 3015 681 3079 Laelius
690 3017 752 3078 Pro
764 3036 798 3080 se
808 3016 890 3100 apud
897 3015 1054 3102 populumt
1068 3009 1121 3073 Uti
1129 3011 1217 3072 nobis

120 3130 203 3176 terra
212 3120 353 3204 marique
363 3117 455 3178 simul
464 3117 618 3181 obsidium
620 3119 776 3202 jecerent.

157 3257 197 3306 uti
205 3255 290 3321 mdis]
299 3251 365 3306 Ant.
373 3251 541 3325 Augustinus
549 3251 664 3308 conexit
671 3251 811 3324 vulgatum
817 3263 847 3306 ut
854 3255 882 3306 tir
892 3253 974 3306 mnis.

163 3373 318 3439 uineas.
331 3357 414 3450 vrri,
426 3375 458 3452 t,
475 3395 507 3458 p.
522 3375 603 3440 aas:
619 3373 747 3440 reum
764 3373 909 3456 Impubes
920 3373 1062 3456 curamus
1078 3391 1146 3433 esse
1160 3390 1220 3430 non

1 3468 2 3472 Ἰ
119 3489 220 3558 polest
232 3495 328 3561 neque
341 3479 500 3546 antestari,
513 3471 536 3535 i·
549 3493 578 3538 θ.
591 3481 868 3560 repudtapapsupndisttt.

160 3609 269 3678 Latus]
281 3608 350 3662 alius
361 3583 459 3664 Laelius
470 3607 676 3681 intelligendus,
689 3607 799 3663 fortasse
812 3608 910 3663 Laelius
923 3609 1011 3674 Felix,
1027 3604 1105 3679 cujus
1122 3603 1220 3660 librum

196 3696 271 3766 adQ.
283 3696 399 3748 Mucium
405 3696 513 3750 Gellius
520 3695 620 3761 laudat,
628 3693 687 3761 XV,
698 3697 743 3750 ts.
754 3695 833 3764 [Edd.
841 3707 905 3751 vett.
914 3694 1042 3750 Prisciani
1048 3695 1146 3748 Lt'su'm.
1155 3695 1221 3746 Mes.

197 3778 321 3842 turbantt
333 3775 386 3830 duo
399 3791 502 3833 tantum
513 3777 617 3832 lli-ahili
626 3779 736 3834 Μὴν.
745 3779 852 3846 Melius,
860 3776 1019 3851 quodmulti
1026 3775 1136 3844 habent,
1145 3778 1223 3831 utiam

195 3863 336 3938 antiquiss.
347 3863 425 3938 Reg„
434 3884 466 3950 ex
476 3866 715 3934 Maleuentum]

160 3984 612 4056 autenm]v.dddendaadllrelalii
621 3986 976 4060 ruscianumvoltpsts.
992 3988 1056 4056 [Ubi
1063 3985 1224 4040 Arutzenins

197 4071 298 4143 passive
310 4069 410 4124 dictum
421 4089 479 4124 esse
487 4077 613 4126 antestari
623 4071 737 4138 dubitat,
747 4071 817 4144 quod
827 4071 890 4128 lieri
897 4092 952 4129 non
976 4071 1096 4128 debebat.
1111 4071 1148 4122 De
1158 4086 1185 4121 re
1195 4086 1221 4119 t.

199 4157 293 4213 scholi.
304 4173 331 4214 et
339 4160 454 4232 interpp.
465 4159 497 4214 ad
506 4161 599 4214 Horat.
610 4161 664 4215 Sat.
675 4161 699 4228 l,
710 4163 736 4226 9,
747 4161 802 4228 ts]
