2934 4846
658 511 678 580 5

117 637 293 720 subigendis
313 643 456 716 adsueta,
478 656 510 706 et
523 645 675 712 Musarum
705 663 831 730 expers,
851 645 954 708 laturo
968 642 1131 706 literarum
1147 644 1215 710 flori

82 749 84 754 '
116 738 282 819 proludere
303 741 418 822 potuit,
444 761 544 823 neque
559 743 733 826 Apollinem
749 744 898 806 carminis
919 742 1096 826 praesulem,
1120 760 1216 824 neque

116 837 287 900 Homerum
297 839 421 902 deorum
432 838 636 922 interpretem
653 855 766 919 nacta,
784 843 836 924 qui
853 841 1059 906 Camenarum
1072 859 1163 904 sacra
1175 840 1218 904 fa·

117 938 233 1001 cienda
249 941 384 1003 doceret.
401 945 518 1006 Verum
532 945 644 1006 horum
657 943 818 1006 initiorum
831 944 866 1004 iu
881 943 1053 1006 Annalibus
1066 941 1220 1006 exstitisse

116 1040 315 1114 documenta,
332 1044 390 1104 etsi
407 1057 482 1106 nota
500 1043 582 1106 Livii
603 1044 638 1105 in
652 1043 788 1104 lontibus
805 1043 941 1104 aaronis
957 1043 1153 1106 complendis
1171 1042 1219 1102 iu·

117 1139 206 1201 curia
218 1139 373 1202 incertum
389 1141 538 1221 reliquit,
559 1158 619 1201 nec
633 1141 694 1202 nisi
706 1159 875 1223 paucorum
888 1140 1052 1218 insigniter
1068 1143 1220 1204 dictorum

115 1237 331 1321 factorumque
344 1242 381 1303 in
397 1240 578 1320 fragmentis
591 1251 692 1302 exstet
705 1242 868 1314 memoria,
877 1259 988 1323 pamm
998 1241 1120 1303 videtur
1132 1261 1220 1322 arqu-

115 1341 231 1400 mentis
252 1357 340 1420 posse
353 1337 484 1401 firmari.
500 1326 583 1404 'Nam
604 1339 639 1402 in
658 1338 889 1423 perscribendis
908 1350 1052 1402 non-tam
1070 1338 1221 1402 bellorum

115 1435 399 1510 vicissitudinibus,
422 1457 513 1518 quam
527 1436 691 1522 triumphis
712 1439 764 1502 vel
785 1437 953 1501 laederibus
971 1426 1124 1500 bellorum
1142 1455 1220 1519 prae·

114 1555 288 1616 grossorum
303 1537 470 1612 indicibus,
483 1537 517 1600 in
534 1541 671 1602 notando
686 1540 919 1620 magistratuum
939 1539 1063 1611 ordine,
1080 1538 1114 1598 in
1129 1537 1222 1618 pesti·

115 1635 219 1698 leutiis
237 1635 435 1699 valannonus
455 1637 591 1700 caritate
605 1638 891 1713 commemoranda,
909 1649 962 1698 aut
979 1636 1049 1698 rilis
1061 1635 1163 1713 legmu
1178 1633 1220 1696 la·

115 1744 217 1794 tarum
228 1731 345 1795 mentio
359 1734 441 1808 risa,
456 1747 509 1796 aut
520 1755 576 1818 per
591 1734 740 1798 invidiam
755 1735 914 1796 hominum
928 1731 1120 1816 popularium
1134 1751 1221 1814 pror·

117 1850 168 1892 sus
187 1831 298 1894 omissa
312 1843 378 1905 est,
395 1849 455 1893 nee
472 1832 535 1894 nisi
549 1833 723 1896 rationibus
736 1832 895 1896 subductis
907 1831 956 1894 vel
971 1829 1174 1912 conjectando
1185 1831 1221 1891 iu

118 1948 205 1990 suum
220 1949 344 2011 quaque
355 1931 457 1993 locum
469 1930 569 1993 relata
579 1931 647 1991 luit.
670 1925 763 2016 [Vide
779 1933 824 1995 G.
840 1932 872 1992 J.
889 1933 978 1994 Voss.
995 1930 1043 1990 De
1059 1927 1132 1988 hist.
1149 1928 1218 1988 Lat.

118 2027 145 2100 Ι,
162 2025 200 2103 23
217 2025 368 2089 Niebuhr.
392 2027 508 2088 ilistor.
529 2031 619 2090 Rom.
637 2030 700 2090 rol.
727 2031 804 2110 1‚p.
822 2028 884 2092 257
899 2047 965 2109 sqq.
995 2027 1045 2089 cd.
1065 2043 1130 2088 sec.
1148 2046 1158 2098 ;
1179 2028 1218 2087 A.

117 2123 285 2186 Krausium
299 2125 378 2189 Vitae
389 2139 421 2186 et
440 2125 582 2206 sragmm.
598 2138 677 2188 retr.
702 2127 775 2187 hist.
789 2128 879 2188 Rom.
897 2145 928 2208 p.
946 2124 982 2186 21
1001 2121 1085 2212 sqq]
1103 2123 1219 2186 Tamen
1284 2123 1292 2140 “

118 2245 191 2288 cum
223 2227 311 2288 varia
335 2227 535 2291 historiarum
556 2230 719 2312 scriptoris
746 2230 871 2308 negotia
901 2226 1075 2308 neglexerit
1094 2226 1219 2297 Livius,

115 2347 241 2410 prorsus
259 2341 361 2391 autem
382 2330 545 2413 saepissime
565 2333 687 2414 ineptus
707 2331 748 2392 sit
766 2331 950 2414 Dionysius,
975 2328 1129 2413 perditam
1149 2346 1220 2389 cum

117 2428 289 2491 Annalibus
312 2443 343 2492 et
362 2432 542 2512 praeclusam
558 2433 671 2495 veteris
691 2434 796 2494 Romae
810 2433 985 2494 accuratius
1001 2428 1221 2509 cognoscendae

115 2525 199 2585 riam
217 2545 282 2590 csse
295 2526 475 2589 dolebimus.

161 2626 193 2687 3.
217 2627 363 2689 Ceterum
377 2640 467 2689 aetate
481 2629 661 2709 eloquentiae
674 2631 822 2691 Rornanae
836 2628 948 2710 prima,
961 2645 1053 2708 quam
1063 2645 1158 2705 usque
1178 2625 1217 2685 ad

117 2722 191 2785 belli
206 2723 317 2785 Punici
329 2726 456 2785 secundi
471 2723 564 2786 finem
580 2727 795 2807 producimus,
812 2724 937 2786 nonnisi
952 2742 1045 2785 unum
1065 2723 1104 2784 de
1119 2721 1219 2784 tribus

116 2821 239 2882 dicendi
260 2822 428 2901 generibus
443 2823 635 2884 celebratum
649 2835 695 2884 est
704 2821 935 2882 deliberativam
949 2841 975 2882 s.
994 2821 1217 2898 repatriaturum.

118 2917 476 2997 .1udieiatigenerenon
497 2932 569 2981 ante
588 2920 738 2984 Catonem
758 2920 804 2982 usi
828 2920 992 2995 ridentum
1016 2917 1161 3000 quoniam
1184 2916 1218 2978 in

119 3014 218 3076 causis
243 3016 373 3096 privatis
399 3019 659 3100 formularumque
677 3017 748 3098 jure
767 3037 837 3095 osup
862 3016 1044 3098 eloquentie
1065 3034 1129 3076 nou
1150 3025 1219 3075 erat

119 3118 198 3196 apud
213 3129 358 3197 praetcres
372 3121 628 3199 Areopagitarum
649 3122 735 3200 quasi
751 3119 913 3182 severitate
933 3119 1097 3200 praeditos3
1121 3133 1219 3177 causae

119 3229 220 3280 autem
239 3217 371 3300 publicae
388 3218 422 3280 iri
443 3219 536 3281 rebus
548 3233 581 3282 et
600 3219 782 3282 testimoniis
800 3231 872 3280 tctoe
888 3229 1047 3280 versantes
1067 3214 1221 3295 suffragiis

117 3315 266 3395 populiin
277 3316 410 3379 comitiis
421 3317 603 3402 congregati
620 3316 877 3399 subjiciebantur.
894 3319 933 3378 lu
947 3335 1006 3397 quo
1024 3315 1135 3398 populo
1150 3329 1219 3374 exo·

120 3413 220 3473 raudo
234 3415 349 3494 purtim
363 3434 472 3496 parum
492 3414 557 3496 spei
578 3415 676 3476 noxiis
690 3427 776 3488 erat,
799 3433 869 3474 cum
888 3431 952 3474 non
973 3422 1076 3474 essent
1097 3406 1221 3470 dicendi

119 3506 286 3572 artificiosa
299 3511 471 3584 lenocinia,
489 3511 604 3594 partim
617 3511 678 3573 illis
690 3511 866 3575 hominibus
878 3510 969 3593 pravi
980 3508 1145 3586 ridebatur
1158 3524 1221 3567 mo·

118 3609 162 3670 ris
175 3631 259 3688 esse,
269 3613 522 3674 *misericordiam
535 3613 595 3676 sibi
604 3613 750 3698 precibus
763 3627 795 3675 et
804 3612 878 3675 iletu
891 3610 1082 3691 extorqueri.
1098 3609 1168 3691 Qua
1181 3609 1220 3670 de

118 3730 208 3774 causa
225 3715 291 3775 duae
306 3735 405 3778 causae
420 3715 551 3797 publicae
561 3716 712 3788 illustreS,
724 3717 767 3776 M.
779 3714 928 3779 Postumii
943 3711 1111 3797 Pyrgensis
1123 3709 1221 3795 publi·

118 3811 189 3872 carri
201 3833 250 3894 ap.
265 3813 335 3874 Lir.
350 3815 449 3887 XXV,
467 3815 498 3886 3,
510 3814 611 3877 ctCn.
622 3813 724 3874 Fulvii
738 3815 843 3876 Flacci
856 3813 938 3896 apud
952 3811 1091 3873 eumdem
1101 3811 1218 3881 XXVI,

117 3909 158 3983 2,
185 3933 251 3994 quae
268 3912 386 3995 judicia
411 3925 507 3976 totam
530 3915 680 3976 arrexisse
704 3915 862 3980 civitatem
881 3914 1046 3988 videntur,
1074 3933 1137 3974 non
1159 3910 1220 3972 elo·

119 4013 230 4091 quehdi
249 4027 315 4077 arte
341 4016 554 4098 qualicumque
576 4031 725 4098 peractae,
750 4017 851 4078 sedin
873 4017 972 4078 alteru
987 4012 1145 4098 publicani
1162 4025 1220 4088 pru

117 4113 200 4175 secio
214 4116 276 4177 rim
295 4117 454 4180 intentare
473 4133 650 4199 coeperant,
675 4137 783 4182 severo
798 4116 878 4180 SCto
894 4131 925 4180 et
938 4116 1084 4196 graviore
1097 4110 1220 4171 eodone

118 4215 291 4277 sublatam:
314 4219 347 4280 in
362 4221 460 4282 altera
475 4221 642 4284 auctoritas
669 4231 700 4279 et
717 4237 826 4298 preces
840 4220 880 4298 Q.
895 4215 997 4277 Fulvii
1020 4210 1128 4272 fratris
1144 4208 1219 4272 rali-
1301 4227 1305 4236 ’

118 4323 193 4373 turae
207 4312 410 4390 videbantur,
430 4315 489 4379 nisi
510 4316 592 4376 idem
612 4323 753 4383 senatus,
776 4331 793 4370 c
811 4313 972 4390 republica
988 4326 1050 4369 non
1065 4325 1132 4381 csse
1145 4327 1217 4375 ccu-
