2954 4840
753 279 821 352 378

234 427 297 508 ptis
316 427 355 488 ad
374 438 514 494 senatum
536 422 639 488 literis
660 421 846 496 declarasti,
873 442 931 504 ego
948 423 1014 504 jam
1035 421 1088 483 bic
1109 421 1268 504 triumpho
1271 463 1341 482 .....

233 529 335 609 Quum
348 528 480 590 maxime
494 527 560 588 hee
574 545 631 605 ogo
647 543 767 587 ntecum
781 525 950 604 agitabam,
961 542 1032 586 cum
1044 521 1182 585 orationi
1197 536 1259 584 tute
1272 541 1345 584 suc·

233 629 325 690 cessit
340 626 492 692 Antonini
508 625 647 710 (fratris)
667 623 780 701 oratio,
805 622 837 686 di
859 625 951 688 bonit
969 643 1062 706 qnam
1076 623 1227 706 pulchra!
1247 644 1342 705 quam

232 747 308 788 vere
329 727 443 789 multa!
464 727 555 808 plane
573 721 658 786 dicta
678 724 782 786 omnia
802 735 835 787 et
856 724 953 796 verba
972 721 1148 798 delenifica,
1170 724 1290 804 pietate
1309 736 1343 783 et

232 824 293 886 fide
304 837 336 885 et
345 844 450 887 amore
462 836 494 885 et
504 822 658 885 desiderio
671 821 811 884 dilibuta.
829 821 902 884 Una
917 819 1108 898 mehercules
1123 833 1176 881 tua
1191 820 1340 902 epistula,

232 939 294 1008 una
312 921 357 981 tui
376 921 482 994 fratris
503 917 540 981 de
564 934 595 980 te
615 919 738 1000 tuisque
751 916 920 980 virtutibus
939 913 1039 980 oratio
1058 916 1196 978 nobilior
1215 919 1255 979 ad
1275 917 1343 998 glo·

232 1023 312 1084 riam
332 1033 363 1082 et
384 1023 423 1084 ad
444 1035 583 1104 posteros
598 1019 785 1084 celebratior
800 1021 876 1096 erit,
894 1040 985 1102 quam
1001 1016 1146 1102 plerique.
1159 1019 1343 1102 principum

234 1121 391 1203 triumphi.

259 1260 370 1328 fratris]
383 1259 464 1312 Marci
475 1259 615 1312 Antonini.

274 1399 390 1463 Fronto
405 1401 513 1480 Epeo
529 1401 567 1456 tt.
581 1398 660 1460 Ges.
673 1399 712 1470 tt,
728 1400 769 1474 Ιδε
787 1397 947 1470 Miserere,
964 1412 1058 1458 unum
1073 1397 1205 1459 terbum
1219 1399 1257 1458 de
1269 1417 1341 1459 ora-

232 1501 318 1563 tione
334 1500 453 1576 ablega,
467 1511 499 1560 et
514 1515 627 1577 queso,
642 1519 680 1558 ne
696 1518 832 1578 nuquam
847 1518 884 1558 eo
899 1497 1010 1569 utaris,
1023 1499 1190 1558 dictionem
1200 1493 1258 1579 pro
1268 1519 1339 1558 ora-

232 1604 325 1658 tione.
338 1599 427 1660 Vale.

275 1697 361 1759 ldem
376 1695 431 1778 Ep.
446 1695 485 1756 ad
501 1691 692 1756 Antoninum
708 1697 734 1769 l,
750 1693 787 1755 2:
809 1687 958 1756 Proximo
980 1707 1105 1770 senatu,
1124 1701 1195 1759 cum
1209 1695 1338 1782 Cyzice-

234 1816 344 1860 norum
357 1816 483 1878 gravem
499 1814 622 1858 cansam
637 1814 907 1866 commemorares,
925 1794 969 1858 ita
982 1801 1152 1858 emtionem
1168 1812 1251 1862 tuam
1265 1799 1339 1878 ligu-

227 1893 323 1986 ⁸rasti,
343 1917 434 1976 quam
455 1893 586 1974 liguram
597 1891 709 1958 Graeci
723 1905 866 1977 παράλειψιν
882 1894 1049 1976 appellant,
1071 1909 1106 1958 nt
1123 1900 1339 1976 praetereundo

234 2011 339 2058 tamen
354 1993 475 2058 diceres
489 2008 521 2058 et
534 1996 666 2059 dicendo
680 2007 785 2058 tamen
800 1994 988 2078 praeterires.
1010 1995 1047 2056 ln
1061 2016 1122 2076 qno
1137 2000 1234 2060 multa
1249 2000 1340 2060 simul

233 2095 386 2159 laudanda
400 2108 490 2158 sunt:
507 2097 641 2180 primum
654 2096 714 2160 hoe
729 2109 760 2158 te
775 2096 950 2159 doctissime
963 2099 1170 2178 perspexisse,
1184 2101 1339 2162 sociorum

234 2213 346 2272 graves
360 2212 512 2254 aerumnas
528 2213 589 2254 non
605 2206 754 2274 perpetua
771 2213 870 2274 neque
888 2207 975 2256 recta
993 2208 1047 2255 aut
1065 2196 1184 2276 prolixa
1197 2196 1340 2263 oratione

235 2292 477 2372 exaggerandas,
489 2292 672 2353 indicandas
682 2304 785 2353 tamen
800 2313 868 2382 esse
882 2293 1061 2376 impensius,
1074 2307 1107 2356 ut
1118 2298 1202 2375 digni
1215 2310 1340 2360 senatus

235 2389 450 2486 misericordia
476 2407 508 2455 et
533 2393 647 2456 anxilio
672 2394 865 2457 viderentur.
894 2394 1018 2461 Deinde
1041 2399 1085 2462 ita
1108 2395 1248 2461 breviter
1269 2419 1337 2463 rem

236 2515 358 2558 omnem
373 2508 463 2576 atque
477 2491 522 2556 ita
532 2495 634 2558 valide
648 2493 785 2558 elocutus
799 2517 842 2570 es,
856 2509 891 2556 ut
901 2498 1097 2579 paucissimis
1106 2494 1210 2564 verbis
1221 2502 1335 2576 omnia,

236 2613 374 2674 quaeres
395 2604 548 2674 posceret,
571 2591 846 2655 continerentur...
875 2595 910 2655 ln
932 2593 1075 2666 oratione
1097 2609 1150 2658 tua
1169 2597 1335 2681 Cyzicena,

236 2709 306 2752 cum
319 2691 392 2752 deos
405 2691 599 2771 precaveris:
615 2690 667 2763 Et,
684 2692 777 2770 sifas
789 2706 847 2764 est,
860 2691 998 2767 obsecro,
1010 2691 1172 2771 addidisti3
1188 2697 1268 2776 qnod
1281 2717 1337 2776 ego

236 2809 286 2850 me
301 2808 364 2850 non
378 2789 506 2849 memini
521 2789 632 2867 legisse
643 2807 651 2848 ε
664 2787 823 2849 obsecrari
836 2791 919 2851 enim
934 2803 966 2852 et
980 2795 1132 2852 resecrart'
1144 2791 1273 2876 populus
1288 2807 1337 2856 ant

233 2881 356 2968 jndices
371 2885 524 2948 solebant.
715 2881 718 2884 ’
850 2886 858 2904 ’

276 3005 469 3085 Cyzicenorum]
486 3018 568 3069 oratio
581 3018 613 3069 de
627 3031 702 3072 terrac
716 3032 800 3084 motu,
819 3038 872 3091 quo
885 2987 1000 3094 ¹Cyzicus
1013 3042 1143 3078 concussa
1154 3037 1204 3078 est.
1221 3027 1254 3078 V.
1269 3027 1327 3097 Aug

307 3105 363 3157 Mai
372 3116 471 3164 notam,
482 3125 508 3176 p.
522 3105 580 3156 tlt.

271 3219 367 3290 Sifas]
384 3221 421 3271 Ea
441 3219 586 3286 locutione,
607 3224 630 3296 si
639 3223 692 3288 sas
710 3224 823 3287 obsecro,
846 3221 951 3275 Marcus
972 3223 1090 3277 imitatus
1111 3224 1198 3279 fuerat
1216 3224 1336 3279 Plautum

308 3301 402 3355 Bacob.
412 3303 460 3364 IV,
472 3303 497 3364 9,
510 3302 569 3355 102.
580 3299 652 3356 Mat.

279 3431 396 3496 Fronto
410 3429 457 3490 De
471 3429 662 3492 orationibus
673 3430 834 3494 Antonino
849 3433 987 3512 Angusto
1001 3455 1034 3516 p.
1047 3435 1127 3498 245:
1141 3434 1296 3516 Pleraque
1306 3436 1336 3497 in

236 3527 377 3588 oratione
396 3525 518 3586 recenti
538 3539 605 3599 tua,
624 3529 705 3608 quod
724 3529 764 3591 ad
781 3531 953 3594 sententias
969 3528 1100 3603 attinet,
1123 3528 1336 3596 animadverto

137 3619 208 3693 260
233 3623 358 3702 egregia
372 3643 450 3697 esse,
466 3644 566 3705 panca
581 3625 743 3688 admodum
756 3645 818 3688 nno
833 3639 924 3690 tenus
939 3613 1038 3692 verbo
1050 3629 1247 3708 corrigenda,
1262 3649 1335 3694 non·

235 3721 312 3784 nihil
325 3721 480 3782 interdum
492 3722 667 3812 elocutione
679 3721 804 3786 novella
815 3743 925 3806 parum
934 3723 1104 3804 signatum.
1329 3789 1332 3794 .

278 3819 394 3890 Oratio,
406 3837 500 3900 quam
515 3819 826 3898 vixdnmpueritiam
842 3840 983 3903 egressus
995 3824 1170 3882 Antoninus
1186 3827 1218 3882 in
1233 3837 1335 3883 senatu
1353 3818 1358 3827 ’

235 3919 347 3990 babuit,
360 3938 378 3978 a
390 3919 547 3980 Frontone
558 3919 701 3982 laudatur
715 3920 748 3982 in
759 3922 857 4004 Epist.
871 3923 910 3982 ad
922 3923 1072 3986 Antonin.
1083 3925 1108 3998 l,
1123 3925 1152 3997 2.

276 4015 391 4077 Fronto
402 4017 460 4095 Ep.
476 4015 514 4074 ad
527 4015 698 4078 Antonium
709 4018 734 4093 1,
750 4017 786 4078 2:
805 4018 869 4096 Ego
885 4037 955 4080 cum
971 4021 1003 4081 in
1020 4021 1132 4084 vestris
1147 4019 1343 4096 orationibus.

234 4113 350 4196 (blanci
376 4125 407 4174 et
426 4113 501 4174 Veri
524 4112 674 4184 fratruml
698 4114 826 4194 vestigia
853 4131 966 4181 nostrae
989 4111 1079 4180 secte
1104 4105 1332 4198 animadverto,
