2916 4838
772 318 848 391 ,266

245 461 377 538 fimum
384 458 529 518 darentur
535 455 718 532 dominibus,
728 461 760 518 itt
772 461 811 518 iis
820 456 909 518 rebus
921 476 955 516 se
965 459 1051 535 vinei
1056 475 1150 534 posse
1159 474 1250 540 aequae
1258 459 1374 519 unt'mo

256 563 344 640 pati;
358 579 428 645 quae
442 563 506 638 ipsi
523 558 585 620 sthi
595 558 733 620 honum
743 577 859 638 parata
868 571 1006 637 possent,
1021 561 1053 615 in
1068 561 1109 617 iis
1123 555 1213 616 retus
1226 577 1263 617 se
1275 562 1370 618 vinci

249 663 319 738 peti
331 679 506 738 nonposse.
1195 657 1204 691 ⁸

294 747 422 822 Sueten.
440 761 524 822 Nero
540 781 570 822 c.
591 759 629 822 2:
654 761 692 820 ln
709 758 769 822 Cn.
789 757 959 822 Domitium
977 754 1058 818 dixit
1079 754 1219 819 Licinius
1233 757 1370 820 Crassus

252 873 370 932 orator,
384 857 449 920 Non
461 879 530 920 esse
542 860 727 930 mirandum,
737 860 820 944 quod
832 879 952 920 aeneam
968 857 1096 918 herbum
1112 855 1248 932 haberet,
1262 861 1317 917 cui
1330 879 1368 920 os

160 1017 170 1036 .
241 959 396 1037 ferreum,
410 978 467 1017 cor
475 956 652 1038 plumbeum
666 971 756 1019 esset.

285 1139 386 1174 oemum
395 1121 517 1188 barlaam]
526 1121 576 1175 Gn.
587 1119 856 1193 Dornitiosscognomen
865 1131 921 1172 erat
928 1117 1132 1173 Ahenobarbus.

292 1267 361 1332 Cic.
373 1269 421 1331 De
432 1281 513 1332 orat.
522 1268 566 1339 ll,
577 1269 630 1340 59,
639 1265 718 1328 tte:
733 1267 819 1328 ldem
831 1263 1051 1327 CrassustPer
1061 1278 1144 1324 tuem
1155 1261 1357 1333 nobilitum,

246 1386 306 1443 per
316 1364 633 1446 uestramfizmiliem,
640 1383 699 1444 per
709 1377 777 1423 tuas
788 1377 901 1423 statuas
908 1361 923 1421 .'

286 1527 409 1596 Cmuu]
418 1529 448 1582 iu
458 1526 576 1582 oratione
586 1538 677 1582 contra
687 1526 844 1589 Domitium,
856 1537 886 1580 ut
895 1525 1038 1580 Turnebus
1047 1526 1199 1598 suspicatus
1207 1537 1259 1580 est.

609 1736 641 1797 l.
664 1754 771 1798 coneto
787 1754 817 1799 tu
832 1755 989 1798 neamus.

290 1943 427 2004 Ellendt.
439 1940 645 2003 dissuasorem
658 1938 736 2018 legis
749 1933 890 2004 servitiae
901 1938 1039 2021 appellat
1052 1901 1241 2002 Memmium.
1257 1939 1307 2002 De
1315 1937 1354 2003 O.

246 2039 401 2110 Memmio,
412 2034 615 2100 acerbissimo
627 2035 800 2098 nobilitatis
811 2036 1001 2110 adversario,
1014 2055 1107 2118 supra
1120 2034 1267 2099 diximus.

233 2201 236 2210 λ
287 2135 357 2201 Cic.
368 2139 415 2199 De
425 2150 506 2199 orat.
519 2139 562 2210 Il,
576 2136 628 2212 66,
641 2136 720 2198 267:
739 2134 868 2203 Cramus
882 2134 915 2196 in
930 2136 1100 2199 concinnet
1112 2139 1162 2197 Ita
1174 2135 1235 2196 sibi
1248 2139 1352 2215 ipsum

245 2254 391 2316 magnum
405 2233 510 2291 videri
521 2233 724 2300 Memmium,
736 2245 767 2290 ut
780 2234 811 2290 in
816 2235 931 2312 sorum
943 2232 1128 2294 descendens
1139 2248 1229 2314 caput
1238 2235 1356 2314 edfhr·

243 2334 344 2390 uicem
355 2329 450 2393 Fabii
462 2329 641 2389 demitteret.

286 2433 335 2494 Ib.
353 2433 398 2507 ll,
417 2433 469 2508 59,
487 2431 568 2495 240:
585 2432 654 2493 Duo
673 2445 746 2492 sunt
763 2432 857 2492 etiam
872 2451 989 2510 genera
1004 2431 1200 2507 facetiarum,
1217 2452 1352 2514 quorum

243 2535 375 2598 alterum
386 2555 422 2597 re
431 2546 597 2606 tractatur,
611 2533 742 2596 alterum
755 2533 848 2596 dicto.
860 2533 919 2607 Re,
932 2531 1090 2613 siquando
1113 2531 1186 2617 quid
1199 2548 1349 2618 tanquam

242 2633 344 2720 aliqua
360 2637 473 2700 labella
488 2649 648 2709 narratur,
665 2649 700 2697 ut
714 2636 788 2698 olim
803 2648 848 2710 tu,
862 2635 986 2712 Crasse,
1004 2635 1037 2697 in
1053 2637 1230 2698 Memmium
1245 2660 1348 2699 come·

241 2738 405 2795 dissectam
421 2736 567 2794 lacertum
577 2736 700 2814 hergli,
713 2755 782 2796 eum
798 2748 879 2798 esset
893 2754 963 2796 cum
978 2753 1015 2796 eo
1026 2732 1207 2799 Tarracinae
1221 2737 1259 2798 de
1274 2737 1351 2800 ami·

242 2833 313 2894 cula
325 2830 455 2894 rixatus.
473 2832 561 2894 Salsa
576 2851 613 2893 ac
626 2846 731 2894 tamen
746 2850 765 2892 a
780 2829 891 2912 teipso
907 2829 980 2893 licta
996 2844 1061 2893 tota
1077 2833 1230 2896 narratio.
1254 2833 1348 2896 Addi-

240 2927 313 2990 disti
333 2929 512 2998 clausulam,
529 2941 595 2990 tota
608 2931 781 2994 Tarracina
801 2941 867 2990 tum
882 2929 1026 2992 omnibus
1046 2925 1080 2990 in
1100 2928 1279 3012 parietibus
1299 2929 1346 2993 iu-

239 3021 373 3109 scriptas
387 3027 478 3088 luisse
493 3025 600 3088 literas
628 3027 780 3090 LLLMM.
806 3028 883 3088 Cum
908 3049 1076 3110 quaereres,
1098 3028 1129 3090 id
1150 3030 1224 3111 quid
1244 3042 1343 3106 esset,

239 3149 345 3192 senem
360 3127 419 3190 tibi
434 3128 595 3211 quemdam
608 3129 798 3213 oppidanum
810 3125 922 3193 dixisse
932 3131 1076 3192 :Lacerat
1086 3131 1237 3192 ucerum
1248 3132 1348 3212 Largi·

240 3229 372 3290 mordax
385 3224 571 3288 Memmius!

143 3422 210 3495 152
483 3448 514 3509 8.
538 3465 648 3508 enarro
662 3465 692 3507 tu
709 3465 740 3506 t.
753 3464 894 3508 uinctum
908 3463 1084 3506 eumaeum.

274 3662 383 3726 Oratio
405 3657 439 3721 in
459 3668 568 3720 senatu
582 3654 690 3716 habita
709 3651 1048 3734 adversusPhilippum
1070 3651 1228 3715 consulem
1244 3670 1273 3712 a.
1295 3653 1340 3720 U.

198 3798 204 3806 ·
235 3765 307 3830 662.
332 3766 368 3826 L.
387 3762 563 3845 Philippum
583 3767 807 3820 commemorat
826 3753 940 3818 Cicero
961 3753 994 3814 in
1015 3755 1114 3822 Bruto
1136 3773 1165 3816 c.
1185 3753 1237 3829 t5,
1253 3752 1337 3826 teo:

234 3861 368 3930 «Eodem
382 3876 522 3947 tempore
538 3863 579 3923 M.
593 3853 773 3920 Herennius
785 3855 819 3915 in
825 3854 1037 3918 mediocribus
1049 3855 1224 3922 oratoribus
1238 3854 1337 3926 latine

231 3979 264 4028 et
278 3962 445 4044 diligenter
459 3957 656 4042 loquentibus
670 3965 850 4016 numeratus
865 3964 922 4027 est,
937 3948 991 4032 qui
1003 3965 1106 4015 tamen
1118 3970 1237 4014 summa
1248 3952 1336 4016 nobi·

230 4067 317 4129 litate
336 4064 504 4135 hominem,
525 4055 723 4136 cognatione,
746 4052 920 4129 sodalitate,
942 4050 1085 4135 collegio,
1103 4073 1221 4118 summa
1239 4051 1335 4118 etiam

231 4163 420 4250 eloquentia,
429 4164 465 4226 L.
478 4155 655 4242 Philippum
667 4157 701 4218 in
712 4153 890 4220 consulatus
901 4156 1051 4239 petitione
1060 4156 1235 4238 superavit.
1246 4183 1266 4221 ‚n
