2954 4840
503 365 507 373 '
630 365 699 438 359

108 499 147 562 de
161 498 285 564 lurtum
297 519 428 581 quoque,
443 516 503 582 qua
518 513 648 582 umrqae
662 503 852 581 abundabat,
870 506 1005 608 adjecit·
1023 508 1111 572 Nihil
1125 513 1215 572 vobis

109 601 213 658 minus
227 600 322 672 deest,
336 621 429 684 mum
442 602 552 685 dequo
567 604 757 666 contenditis.
839 647 841 655 ,

144 737 280 803 Ilttrnitioe]
294 735 413 808 ejusdem
425 739 456 791 fit
469 738 569 790 mentio
581 756 667 791 causae
674 738 719 802 Vl,
732 741 757 803 3,
769 738 811 792 il.

151 859 289 942 Quintil.
309 862 349 938 X,
371 863 400 937 1,
422 862 480 923 24:
505 860 600 926 Nobis
621 864 726 942 pueris
745 864 881 945 insignes
902 879 966 929 tres
985 889 1045 946 pro
1060 869 1216 933 Voluseno

112 959 222 1020 Catulo
240 961 371 1025 Domitii
390 962 470 1039 Afri,
495 965 600 1042 Crispi
618 963 776 1039 Passieni,
797 965 836 1026 D.
857 965 944 1030 tetii
963 972 1120 1034 orationes
1139 973 1216 1036 fere·

107 1059 239 1120 bantur.

103 1212 107 1218 .
151 1151 252 1217 Tacit.
267 1158 422 1231 Anu.Vl,
443 1158 503 1220 20:
529 1159 601 1220 Mox
623 1155 737 1223 scitum
759 1161 915 1237 Passieni,
932 1165 1081 1242 oratoris,
1100 1165 1215 1232 dictum

107 1253 309 1338 percrebuit,
332 1278 428 1344 neque
449 1259 611 1318 meliorem
625 1282 759 1344 unquam
774 1282 893 1324 servum
916 1283 1012 1349 neque
1033 1267 1215 1340 deteriorem
1336 1257 1340 1266 ⁴

108 1354 394 1434 dominumfnisse.

145 1495 253 1562 drotum]
264 1494 292 1548 in
301 1496 332 1549 C.
343 1495 472 1554 Cesarea
481 1497 642 1574 Caligulam.
657 1499 780 1554 Meminit
790 1501 869 1554 etiam
882 1501 993 1556 Sueten.
1003 1501 1088 1576 Calig.
1098 1523 1123 1558 c.
1137 1508 1178 1558 10.

306 1685 401 1760 CIV.
421 1686 502 1758 Tib.
520 1686 704 1762 Claudius
720 1691 867 1762 Drusus
881 1691 1017 1764 Caesar.
1246 1723 1311 1794 241

152 1895 300 1966 oudam
313 1896 478 1979 imperium
492 1918 522 1964 a.
534 1901 574 1966 U.
588 1901 661 1974 793¹,
673 1921 706 1983 p.
716 1899 791 1965 Chr.
803 1893 863 1962 tt..

154 1998 229 2060 Tac.
245 1999 330 2060 Anu.
345 1995 435 2071 xut,
452 1997 489 2060 3:
511 1999 575 2062 Nec
596 1998 630 2060 iu
645 1999 786 2073 Claudio,
804 1999 946 2080 quotiens
959 1998 1107 2065 meditata
1124 2005 1215 2070 disse·

110 2111 209 2174 reret,
221 2098 405 2178 elegantiam
416 2100 605 2180 requireres.

154 2201 262 2266 Exstm
274 2201 309 2264 in
321 2201 436 2264 tabulis
448 2202 542 2266 eneis
552 2202 669 2266 duabus
679 2204 820 2284 Lugduni
830 2205 928 2268 erutis
939 2204 1215 2274 celebratissimum

112 2300 263 2366 orationis
276 2301 399 2366 Claudii
413 2303 637 2388 fragmentum,
653 2305 687 2366 in
702 2326 761 2386 qua
776 2307 815 2368 de
826 2306 897 2386 jure
910 2307 1074 2372 Gallorum
1090 2304 1123 2370 in
1139 2311 1220 2372 urbe·

111 2399 247 2464 honores
273 2399 467 2484 adipiscendi
491 2398 665 2474 disseritur,
693 2418 759 2482 qum
783 2401 916 2482 primum
941 2404 1024 2484 apud
1043 2407 1216 2472 Gruterum

111 2521 141 2582 p.
158 2499 231 2575 502,
246 2514 311 2561 tum
332 2497 510 2563 accuratius
531 2500 614 2562 edita
636 2514 683 2562 est
704 2503 737 2562 in
758 2498 908 2563 Brotierii
922 2503 1031 2566 Tacito
1050 2508 1101 2568 ed.
1114 2509 1213 2574 Pario.

115 2597 207 2678 1820,
220 2600 284 2664 vol.
299 2601 355 2676 tv,
366 2599 482 2685 pttt,
494 2598 676 2668 intercursu
688 2601 833 2686 Lipsiauo
846 2601 885 2662 ad
894 2602 996 2666 Tacit.
1009 2606 1093 2669 Anu.
1103 2627 1148 2680 ιιι,
1161 2609 1213 2672 tt.

112 2700 256 2782 Ejusdem
267 2700 436 2776 orationis,
451 2720 543 2781 quam
558 2699 704 2764 Claudius
718 2721 747 2764 a.
759 2704 802 2769 U·
813 2699 876 2766 800
887 2700 1007 2773 habuit,
1020 2703 1103 2769 dedit
1119 2704 1216 2788 epito-

111 2797 328 2861 mendacitas
347 2797 381 2859 in
401 2799 517 2862 Annei.
538 2819 582 2874 ιιι,
606 2797 658 2862 tt.
681 2794 881 2886 [Nuperrime
894 2797 1046 2862 orationis
1062 2802 1216 2882 fragmen·
1262 2888 1265 2894 ι

112 2913 176 2961 tum
192 2901 226 2961 in
251 2898 344 2960 aeneis
364 2897 477 2960 tabulis
499 2913 657 2961 servatum
680 2897 830 2982 peculiari
857 2893 962 2960 libello
986 2897 1104 2975 edidit,
1129 2903 1217 2965 docte

115 3001 286 3068 illustrauit
313 3011 346 3062 et
360 2998 519 3079 eleganter
544 3002 582 3066 de
604 2998 724 3067 Claudii
739 3000 917 3082 eloquentia
929 2997 1076 3066 disseruit
1089 3005 1217 3070 Carolus

154 3091 238 3260 Suit.
252 3191 362 3271 Claud.
380 3214 409 3256 c.
425 3193 483 3258 38:
509 3197 556 3256 Ac
578 3215 617 3259 ne
638 3195 800 3260 stultitiam
825 3195 950 3276 quidem
969 3214 1056 3260 suam
1078 3200 1217 3275 reticuit,

112 3291 347 3375 simulatamque
367 3311 387 3355 a
406 3312 441 3356 se
460 3311 500 3354 ex
520 3291 672 3356 industria
693 3291 750 3354 sub
764 3291 853 3363 Caio,
868 3293 950 3374 quod
965 3292 1057 3358 aliter
1071 3315 1218 3358 evasurus

114 3405 381 3476 peruenturusque
401 3390 441 3456 ad
459 3404 634 3474 susceptam
654 3391 817 3456 stationem
832 3411 896 3458 uon
909 3392 1013 3470 inerit,
1035 3395 1217 3478 quibusdam

115 3493 315 3554 oratiunculis
329 3503 460 3558 testatus
474 3504 531 3556 est.
555 3493 620 3556 Nec
635 3504 739 3558 tamen
755 3493 919 3572 persuasit,
936 3514 1007 3558 cum
1021 3496 1106 3560 intra
1121 3496 1218 3560 breve

114 3602 233 3671 tempus
242 3589 325 3651 liber
334 3591 434 3651 editus
444 3591 495 3666 sit,
508 3585 558 3652 cui
567 3589 663 3650 index
672 3602 740 3650 erat
755 3594 840 3658 μωρῶν
855 3588 993 3654 ἀνάστασις,
1002 3606 1219 3670 argumentum

114 3702 228 3768 autem,
240 3690 403 3756 stultitiam
417 3691 573 3760 neminem
585 3688 718 3769 fingere.

157 3789 241 3855 thid.
255 3814 283 3858 c.
298 3791 335 3853 3:
353 3791 537 3875 Disciplinis
550 3790 734 3858 liberalibus
749 3793 790 3854 ab
801 3805 891 3856 etate
907 3793 1008 3875 prima
1025 3812 1089 3865 non
1104 3796 1219 3858 medio-

115 3910 204 3956 crem
214 3910 342 3973 operam
357 3891 458 3968 dedit,
474 3910 512 3956 ac
526 3909 606 3974 supe
619 3890 833 3973 experimenta
847 3890 995 3972 cujusque
1008 3891 1104 3956 etiam
1118 3892 1217 3974 publi·

116 3989 209 4052 cavit
224 3991 341 4052 Verum
352 4008 392 4051 ne
401 4009 446 4051 stc
458 3989 581 4070 quidem
591 3985 756 4071 qttidquam
767 3986 928 4070 dignitatis
937 3987 1057 4072 assequi
1070 4003 1220 4073 autspem

117 4085 902 4170 deseoomtuodioreminposterumiacerepotuit.

123 4183 240 4258 thid
255 4204 285 4247 c.
298 4183 357 4247 26.
374 4181 575 4248 Confirmavit
588 4179 735 4246 Claudius
755 4203 812 4268 pro
835 4184 988 4250 concione
1009 4157 1090 4266 apud
1111 4196 1227 4294 praeto·-
1247 4183 1248 4186 ’
