2954 4840
779 329 848 400 332

307 467 324 528 b
340 481 373 530 et
386 468 417 529 'l.
442 466 551 528 Mediis
562 466 693 547 Augusti
711 463 902 550 temporibus
916 462 1042 530 Asinius
1055 469 1136 548 apud
1150 469 1363 536 centumviros

262 568 370 632 habuit
383 573 536 630 orationes
548 591 609 648 pro
628 569 801 632 haeredibus
816 567 964 629 Urbimae.

165 679 235 756 214
305 667 388 730 Dial.
406 668 445 728 de
458 679 553 729 oratt.
569 687 600 730 c.
615 666 671 730 38:
686 664 810 729 Primus
824 667 890 728 haec
906 663 998 728 terlio
1019 668 1181 730 consulatu
1194 666 1254 730 Cn.
1270 673 1362 733 Pom·

262 767 349 854 peius
360 764 401 849 (a.
411 770 453 834 U.
465 767 537 852 701)
551 770 707 845 astrinxit,
724 764 928 852 imposuitque
942 766 1039 830 veluti
1048 768 1359 851 irenoseloquentiae,

261 873 307 938 ita
313 881 431 944 tamen,
444 880 478 929 ut
488 869 591 930 omnia
604 869 638 930 in
649 869 727 944 loro,
740 868 845 932 omnia
858 864 989 947 legibus,
1007 869 1112 934 omnia
1122 872 1204 952 apud
1213 885 1362 951 pretores

260 983 458 1051 gererentur,
468 970 550 1052 apud
560 989 636 1050 quos
647 981 762 1051 quanto
772 968 891 1051 majora
900 968 1022 1049 negotiu
1034 968 1107 1034 olim
1117 971 1262 1033 exerceri
1271 972 1362 1036 solita

261 1073 335 1142 sint,
354 1069 436 1151 quod
448 1067 546 1151 majus
561 1080 778 1148 argumentum
791 1080 839 1130 est
847 1086 939 1150 quam
952 1068 1034 1148 qnod
1047 1087 1145 1132 cnusoe
1153 1072 1363 1132 centumvira-

262 1166 320 1242 les,
341 1187 407 1251 quae
423 1187 508 1232 nunc
530 1168 664 1251 primum
677 1167 822 1229 obtinent
832 1165 946 1239 locum,
962 1165 1038 1228 adeo
1052 1166 1217 1248 splendore
1229 1168 1363 1231 aliorum

261 1262 450 1345 judiciorum
465 1265 689 1340 obruebantur,
707 1278 740 1326 ut
755 1283 855 1344 neque
876 1259 1038 1326 Ciceronis
1051 1283 1151 1344 neque
1164 1263 1297 1328 (insanis
1311 1286 1362 1330 ne·

263 1384 323 1444 qne
344 1363 434 1426 Bruti
448 1383 548 1445 neque
565 1359 656 1426 Coetii
672 1381 772 1443 neque
785 1360 885 1436 Calvi,
904 1380 967 1424 nun
985 1361 1118 1442 denique
1141 1361 1233 1424 ullius
1256 1365 1363 1444 magni

263 1462 399 1536 oratoris
409 1460 490 1528 liber
500 1459 581 1543 apud
596 1461 807 1521 centumviros
820 1459 920 1524 dictus
937 1459 1059 1537 legatur
1073 1465 1211 1538 exceptis
1221 1467 1362 1522 orab'oni·

264 1563 319 1622 bus
334 1565 455 1634 Asinii,
472 1582 541 1645 quoe
552 1580 611 1644 pro
636 1557 793 1620 heredibus
823 1558 965 1620 Urbiniae
992 1560 1215 1634 inscribuntur,
1239 1561 1278 1620 ab
1293 1567 1362 1640 e'pso

264 1673 366 1720 tamen
375 1658 518 1728 Pollione
527 1658 637 1717 mediis
645 1657 709 1720 diri
712 1657 745 1716 A
746 1660 847 1736 ugusti
860 1655 1053 1736 temporibus
1066 1655 1192 1732 babitce,
1205 1671 1362 1740 postquam

263 1760 360 1842 longa
379 1775 552 1844 temporum
570 1762 654 1841 quies
676 1773 708 1824 et
728 1761 909 1824 continuum
937 1759 1043 1844 populi
1062 1762 1157 1824 otium
1188 1777 1220 1824 et
1239 1763 1363 1828 assidua

263 1863 471 1945 tranquillitas
493 1875 525 1924 et
544 1860 670 1923 maximi
691 1861 842 1943 principis
859 1858 1023 1943 disciplina
1043 1861 1141 1944 ipsam
1156 1883 1276 1946 quoque
1301 1868 1362 1930 elo·

265 1961 434 2042 quentiam,
451 1956 531 2022 sicut
544 1960 606 2022 aliu
619 1961 734 2036 omnia,
751 1958 943 2041 pacauerat?

298 2182 426 2247 alibrum]
446 2180 498 2251 leg.
516 2179 627 2241 allorum,
646 2177 705 2231 scii.
718 2197 777 2248 qum
795 2179 866 2251 apud
878 2191 1009 2250 pretores
1023 2179 1133 2233 fiebant.

306 2371 609 2454 Argumentumlitis
623 2375 724 2454 tangit
739 2373 950 2456 Quintilianus
970 2394 1027 2450 un,
1047 2374 1078 2448 2,
1094 2374 1156 2458 54,
1169 2375 1205 2436 5:
1225 2397 1240 2427 u
1252 2371 1298 2430 Ut
1320 2378 1367 2429 cat

265 2475 534 2556 quaeaitumcontra
545 2473 685 2534 Urbiniae
697 2473 836 2544 heredes,
851 2478 880 2534 si
891 2478 930 2547 is,
941 2479 994 2559 qui
1003 2489 1144 2561 tanquam
1149 2473 1235 2555 filius
1242 2465 1367 2549 petebat

269 2575 359 2650 bona,
373 2574 505 2655 Figulus
526 2588 616 2647 esset,
639 2595 679 2655 an
694 2572 878 2652 Sosipater?
895 2595 968 2638 nam
985 2587 1018 2637 et
1035 2574 1206 2637 substantia
1220 2570 1288 2653 ejus
1308 2565 1365 2629 sub

264 2674 370 2737 oculos
382 2672 510 2734 venit...
527 2675 645 2735 Verum
664 2671 724 2734 hoc
739 2691 857 2752 quoque
871 2691 968 2751 genus
981 2673 1045 2734 litis
1059 2693 1098 2734 ex
1112 2667 1270 2754 praeterito
1289 2684 1365 2748 pen·

266 2775 330 2846 det,
346 2773 399 2829 An
415 2770 466 2830 bic
488 2774 529 2830 sit
541 2790 584 2828 ex
602 2769 734 2828 Urbinia
755 2785 843 2829 natus
867 2769 1016 2831 Clusinius
1034 2768 1192 2850 Figulus?
1207 2795 1222 2826 u
1237 2783 1366 2844 eamque

266 2879 377 2929 narrat
387 2866 553 2950 ‚Spalding
570 2867 609 2926 ad
632 2886 676 2936 rr,
705 2867 733 2938 1,
761 2866 813 2926 ll.
840 2864 956 2928 Habuit
977 2867 1103 2928 Asinius
1115 2865 1149 2927 in
1170 2867 1231 2926 boc
1248 2860 1366 2947 judicio

267 2966 479 3029 adversarium
497 2963 681 3039 Labienum,
696 2965 888 3041 historicum,
906 2987 996 3048 mem
1010 2966 1123 3036 irridet
1135 2979 1169 3028 et
1178 2962 1263 3025 inter
1278 2979 1366 3039 argu·

264 3076 370 3126 menta
382 3062 470 3126 malae
491 3082 589 3125 cause
602 3063 701 3146 ponit,
717 3077 752 3124 ut
769 3085 807 3127 ex
828 3061 1022 3147 Quintiliano
1045 3061 1190 3132 discimus
1202 3082 1246 3134 ru,
1263 3060 1293 3134 1,
1313 3058 1363 3118 11.

266 3163 461 3246 Quamquam
479 3174 582 3225 antem
597 3184 660 3226 non
677 3165 759 3226 idem
781 3165 808 3226 is
830 3178 877 3226 est
896 3163 1059 3238 Labienus,
1077 3162 1162 3244 quia
1182 3163 1303 3224 Caesare
1326 3159 1367 3222 ud

266 3264 447 3346 Pompeium
470 3264 690 3345 transfugerat,
706 3284 746 3345 err
760 3265 867 3342 eadem
883 3277 972 3332 certe
987 3264 1105 3344 familia
1117 3260 1186 3336 suit,
1215 3281 1252 3325 ac
1277 3264 1367 3332 Pom·

265 3364 382 3444 poianae
397 3359 533 3428 studium
556 3363 698 3426 sectionis
711 3360 937 3425 hereditarium
952 3362 1063 3424 tenuit.
1073 3365 1109 3424 ·Α
1132 3358 1189 3436 tali
1202 3361 1299 3440 igitur
1312 3376 1366 3438 pa·

265 3475 369 3538 trono,
383 3483 472 3545 mrem
484 3464 523 3525 ob
537 3464 742 3546 Pompeianos
754 3463 879 3545 spiritus
889 3463 1090 3536 ceramum,
1104 3475 1139 3523 ut
1150 3459 1274 3526 Asinius
1284 3472 1366 3532 erat,

267 3559 366 3626 odisse
387 3560 535 3636 debebat,
562 3559 613 3630 hic
638 3558 794 3641 aptissime
822 3559 923 3652 potuit
947 3572 1129 3637 argumenta
1151 3556 1239 3626 multe
1266 3574 1368 3618 causae

265 3655 411 3718 mutuari.

306 3759 439 3840 Quintil.
455 3760 524 3832 Vll,
539 3759 571 3835 2,
586 3758 695 3821 26:111
709 3755 764 3820 lite
779 3755 956 3826 Urbiniana
966 3760 1081 3840 petitor
1095 3756 1181 3834 dicit,
1200 3756 1369 3837 Chusirtium

263 3859 421 3938 Figulum,
437 3859 542 3939 filium
567 3857 716 3932 Urbritioe,
739 3863 806 3918 acie
819 3861 911 3928 victa,
936 3862 969 3917 in
984 3880 1044 3943 qua
1068 3873 1202 3930 steterat,
1215 3857 1368 3936 fitgisse:

256 3951 466 4039 jaculumque
481 3954 604 4016 casibus
619 3959 726 4030 variis,
752 3969 899 4016 retentum
925 3959 1018 4014 estium
1041 3978 1062 4016 a
1082 3977 1165 4035 rege,
1182 3955 1308 4014 tnrrdem
1335 3957 1369 4012 in

263 4056 391 4120 Italiam
405 4076 443 4114 ac
454 4058 589 4134 patriam
604 4076 694 4115 suam
717 4057 884 4135 Marginos
906 4060 1029 4118 rrenisse
1052 4071 1140 4142 utque
1153 4055 1198 4126 ibi
1212 4057 1366 4135 agnosci.-

263 4155 362 4220 Pollio
377 4167 499 4231 contra,
515 4159 645 4217 servisse
659 4176 731 4216 cum
746 4155 870 4216 Pisauri
884 4157 1018 4219 dominis
1032 4154 1156 4234 duobus,
1173 4155 1366 4222 medicinam
