2916 4838
724 341 791 414 tut

208 489 293 551 tione
303 496 402 570 potest
415 480 558 562 intelligi,
572 498 641 543 cum
653 480 698 540 ita
708 491 827 542 structa
839 475 933 539 verba
946 487 1029 549 runt,
1042 487 1076 536 nt
1088 489 1237 536 numerus
1248 495 1312 538 non

207 587 362 670 qmitns,
374 585 427 647 sed
442 584 507 666 ipsa
520 591 643 644 secutas
656 583 723 642 csse
736 578 888 652 videatur,
910 588 944 636 ut
957 575 1039 657 apud
1054 573 1217 637 Crassumt
1232 575 1312 635 Num

206 685 259 746 ubi
267 683 368 746 lrtbido
380 683 561 750 dominatur,
575 681 756 738 Innocentius
768 675 831 734 leve
838 673 1020 753 prandium
1030 686 1087 732 ost.

241 845 315 916 apud
325 836 498 906 ornantia
509 837 685 910 smgmcatma
693 853 728 888 cx
735 834 860 888 suarium
870 832 938 904 logis
945 830 1065 887 Servilia
1073 835 1186 904 potuum
1195 831 1311 886 videtur.

275 925 397 985 mrsu
412 922 484 979 sain
502 939 565 978 eun
582 919 650 976 illo:
666 919 768 994 Eripis
784 937 831 970 nur
847 935 881 972 ut
898 920 1018 982 nunu,
1034 920 1124 988 emita
1142 935 1175 968 cx
1182 916 1313 986 saucibus

273 1033 373 1080 aarum,
392 1031 504 1086 quorum
519 1010 661 1064 mudclitut
679 1021 766 1064 nostm
783 1010 910 1080 sanguim
928 1024 982 1060 non
998 1017 1083 1076 potest
1100 1004 1215 1078 cxplcm
1233 1005 1314 1058 nolito

274 1107 359 1156 sincrc
370 1119 417 1154 aar
428 1103 548 1173 cuquam
564 1102 656 1152 terrac
673 1101 724 1149 nisi
740 1099 815 1150 uobis
831 1097 967 1156 univorsis,
984 1096 1082 1166 quibus
1096 1105 1122 1146 ct
1134 1111 1274 1164 possumus
1288 1106 1314 1146 et

275 1190 406 1242 debemus.
421 1179 495 1241 Num
508 1184 554 1238 ubi
563 1185 651 1238 abnuo
664 1185 824 1245 dominatur,
838 1183 990 1237 innocentior
1002 1179 1057 1232 Iove
1064 1181 1212 1252 proen'rlt'um
1222 1191 1313 1233 crt.—-

273 1273 387 1325 Crassus
404 1269 448 1324 hic
466 1267 602 1340 equitibus
619 1264 746 1318 Romanis
765 1259 948 1336 crudelitatem
969 1275 996 1316 et
1017 1259 1156 1315 libidinem
1176 1262 1204 1316 in
1223 1263 1313 1316 causis

274 1352 453 1426 dijudicandis
475 1349 580 1423 objicit.
605 1347 679 1401 idern
700 1347 850 1421 exemplum
871 1346 944 1424 apud
963 1345 1082 1415 Quintil.
1105 1347 1159 1410 ttl,
1186 1346 1219 1411 4,
1245 1350 1311 1411 tos,

275 1437 402 1510 &innisa

224 1637 228 1645 .
251 1585 407 1682 [Fortasse
428 1579 463 1650 in
481 1585 673 1660 Memmium,
699 1583 776 1665 legis
804 1581 1028 1656 dissuasorem,
1050 1583 1135 1646 dicta
1157 1597 1229 1647 sunt
1250 1585 1311 1650 hac

204 1690 368 1756 occasione
381 1705 449 1770 quae
464 1685 609 1768 leguntur
623 1705 674 1768 ap.
686 1679 756 1747 Cic.
773 1683 821 1745 De
836 1694 916 1746 orat.
935 1681 978 1756 tt,
999 1685 1039 1751 59
1059 1697 1092 1746 et
1107 1685 1160 1747 66.
1178 1681 1309 1748 Ellendt.

125 1818 129 1825 ·
204 1789 327 1852 Vmor
366 1781 456 1846 .151.
607 1829 610 1836 ,

246 1879 315 1950 cic.
337 1805 425 1946 lirun.
441 1775 536 1952 cili,
551 1877 630 1941 164:
649 1873 724 1940 ttihi
740 1877 865 1961 quidem
880 1897 897 1939 a
914 1873 1048 1962 pucritia
1063 1873 1150 1959 quasi
1165 1879 1313 1960 magistra

205 1985 263 2048 init
273 1984 328 2047 illa
341 1983 375 2046 in
389 1983 487 2064 legem
500 1976 656 2064 Caepionis
669 1979 770 2042 oratio
782 1977 815 2062 (i.
828 1999 856 2039 c.
869 1977 922 2040 illa
934 1976 1012 2060 legis
1022 1977 1163 2041 servilia
1173 1979 1310 2064 SuasioJ:

111 2077 180 2151 liti)
205 2085 240 2149 in
254 2104 315 2168 qua
329 2095 361 2146 et
375 2081 546 2146 auctoritas
559 2091 691 2143 ornatur
703 2091 838 2152 senatus,
852 2099 915 2160 quo
930 2099 989 2162 pro
1007 2079 1118 2141 ordine
1132 2079 1187 2143 illa
1204 2081 1311 2144 dicun·

209 2197 272 2260 tur,
282 2198 313 2247 ct
323 2181 441 2248 invidia
450 2181 626 2245 concitatur
634 2181 667 2243 in
674 2179 814 2267 judicum
825 2190 857 2244 et
866 2176 898 2241 in
908 2169 1122 2242 accusatorum
1131 2177 1310 2258 factionem,

155 2275 159 2288 ’
207 2293 318 2346 contra
333 2301 462 2363 quorum
475 2274 645 2362 potentiam
660 2277 854 2365 populariter
869 2289 934 2340 tum
949 2278 1114 2344 dicendum
1128 2279 1197 2342 luit.
1214 2282 1312 2344 Multa

207 2381 242 2450 in
263 2381 317 2451 illa
338 2382 481 2448 oratione
502 2375 776 2462 gravitcrffiftnulta
796 2378 922 2456 uniter,
947 2380 1043 2446 multa
1065 2399 1187 2466 aspera,
1213 2383 1313 2446 multa

206 2484 400 2574 facete-dictu
416 2495 509 2546 sunt:
531 2481 622 2566 plura
635 2479 731 2545 etiam
746 2479 829 2550 diota
844 2499 935 2562 quarn
950 2463 1079 2563 scripta,
1097 2481 1175 2569 quod
1189 2501 1227 2542 ex
1242 2483 1312 2564 qui-

205 2575 337 2656 busta'n
351 2582 509 2670 capitibus
525 2579 675 2668 expositis
695 2603 753 2648 nec
771 2582 935 2666 explicatis
949 2582 1084 2662 intelligi
1099 2593 1201 2666 poten
1217 2581 1260 2666 (i.
1279 2604 1308 2649 e.

207 2705 271 2751 non
284 2697 349 2750 tota
364 2683 466 2746 oratio
480 2693 594 2756 exstat„
608 2681 663 2744 sed
676 2679 766 2764 plura
782 2679 885 2764 capita
905 2677 972 2762 ejus
992 2678 1071 2741 verb
1114 2691 1234 2742 tantum
1254 2700 1308 2744 no·

156 2789 159 2794 '
206 2797 284 2860 tata,
296 2804 360 2848 non
374 2780 512 2849 oratorie
526 2781 678 2864 explicata
695 2781 788 2861 sunt).
926 2767 928 2770 ’

251 2881 341 2972 [Qnae
355 2884 438 2966 apud
453 2885 581 2946 Auctor.
603 2882 642 2942 ad
663 2883 804 2944 Harena.
822 2881 876 2954 lV,
897 2879 948 2954 22,
971 2890 1097 2941 exstant
1115 2871 1212 2951 verita
1228 2881 1310 2944 haud

204 2985 312 3060 multa,
326 3002 365 3044 ex
379 2983 437 3044 hac
451 2979 593 3044 suasione
607 2975 706 3061 petita
721 2977 870 3042 dixerim:
884 2981 1002 3040 Demus
1017 2998 1145 3058 operum
1161 2981 1308 3062 Quintus,

204 3103 271 3166 sqq·
295 3085 451 3148 Praeterea
466 3092 727 3144 commemoratur
745 3079 810 3142 haec
830 3079 929 3141 suasio
948 3100 966 3140 a
981 3077 1050 3142 cic.
1066 3079 1115 3141 De
1130 3081 1257 3144 lnvcnt.
1275 3084 1305 3154 l,

206 3181 259 3257 49,
272 3179 330 3256 923
345 3180 435 3241 Brut.
447 3199 476 3240 c.
489 3173 542 3253 86,
562 3176 643 3251 296;
659 3179 706 3238 De
722 3187 803 3238 orat.
819 3177 863 3247 11,
876 3177 929 3251 55,
942 3174 1015 3238 223.
1042 3174 1197 3240 Pcrlatam
1210 3178 1309 3260 legem

204 3301 268 3346 non
279 3280 423 3354 dixerim,
434 3277 661 3341 necaServilio
670 3275 804 3342 Glaucia
814 3278 921 3360 paucis
931 3274 1023 3339 annis
1032 3289 1102 3358 post
1111 3278 1306 3359 abrogatam,

204 3382 244 3443 ad
252 3401 342 3462 quam
353 3377 854 3441 sententiaminolinatErnest.in
862 3377 970 3439 lodice
979 3373 1305 3455 legum'Cioeroniano.

204 3479 284 3542 Nam
298 3490 463 3562 patronum
478 3488 604 3539 senatus
617 3473 682 3558 jam
697 3474 736 3538 ob
752 3475 847 3538 latam
864 3474 962 3554 legem
978 3474 1040 3539 tlici
1054 3475 1230 3558 cepionem
1252 3495 1307 3559 po-

205 3575 299 3642 tuisse
314 3577 419 3642 credo.
429 3570 581 3664 strenua]

531 3783 561 3842 5.
587 3799 697 3842 oasrro
713 3797 769 3841 rao
782 3800 812 3852 o.
825 3796 972 3841 carrona.

246 3973 314 4045 Cic.
328 3975 415 4036 Brut.
427 3991 456 4034 c.
469 3971 523 4047 lt,
536 3971 616 4034 tau:
632 3969 695 4032 Sed
707 3983 754 4031 est
763 3970 855 4032 etiam
866 3971 903 4032 L.
913 3969 1017 4034 Crassi
1031 3968 1063 4033 in
1075 3971 1237 4036 consulatu
1249 3990 1307 4057 pro

203 4075 244 4163 Q.
263 4071 407 4156 Capione
427 4065 564 4132 dolensio
580 4065 708 4148 juncta,
730 4085 792 4129 non
807 4061 915 4131 brevis
934 4082 968 4131 ut
987 4069 1139 4150 laudati03
1156 4055 1191 4132 ut
1206 4072 1307 4135 oratio

201 4177 316 4252 autem,
330 4171 447 4235 brevis.
