2934 4846
121 517 207 575 Brut.
222 534 250 574 c.
260 513 298 575 36
309 524 341 574 et
351 515 403 586 89,
416 533 542 594 quorum
555 517 652 578 altero
662 514 689 576 si
705 535 767 578 non
779 533 916 596 magnus,
930 532 961 582 at
971 533 1075 583 orator
1088 533 1203 597 tamen,

120 614 219 675 altero
236 627 398 675 accusator
412 633 483 675 acer
498 629 529 676 et
550 617 678 678 acerbus
699 618 832 690 dicitur,
855 639 953 700 neque
972 623 1052 703 apud
1074 621 1205 683 Tullium

46 704 49 714 ’
118 733 217 793 neque
228 715 307 794 apud
319 713 410 774 alium
420 733 599 794 quemquam
608 715 722 777 diserta
732 715 798 797 ejus
812 718 927 778 mentio
939 717 986 778 lit.
1003 717 1120 780 Vixisse
1139 739 1206 780 cum

115 811 155 872 ad
170 810 304 873 Sullanae
317 808 546 892 proscriptionis
557 825 695 896 tempora
706 836 745 878 ex
766 813 832 879 Cic.
849 813 906 878 Or.
922 819 981 897 pro
995 818 1088 879 Rosc.
1106 835 1134 876 c.
1157 817 1205 891 32,

118 911 172 983 89,
187 909 378 988 intelligitur,
388 907 413 971 si
426 924 512 973 certa
524 925 571 973 est
579 912 679 975 Fulvii
688 911 994 997 Ursiniconjectura.
1013 919 1116 977 Antea
1127 915 1209 976 euim

117 1027 183 1068 non
207 1009 376 1068 Memmios
392 1009 565 1086 legebatur,
587 1011 640 1068 sed
662 1012 849 1070 Mamercos.
867 1014 1017 1074 Numerus
1039 1012 1209 1092 plurativos
1287 1035 1289 1047 ¹

120 1123 185 1164 uon
201 1103 355 1187 probibet,
372 1104 533 1184 quominus
555 1104 593 1162 de
608 1123 669 1165 uno
694 1107 730 1166 L.
756 1102 898 1166 Memmio
923 1107 1100 1184 cogitemus.
1115 1110 1210 1170 Paulo

117 1205 259 1267 crebrius
283 1205 318 1264 C.
340 1205 512 1262 Memmius
526 1200 673 1265 occurrit.
693 1208 865 1286 Utrumque
887 1225 949 1268 non
964 1203 1210 1288 improbabiliter

116 1302 245 1383 Pighius
256 1307 341 1366 Anu.
359 1302 422 1364 vol.
445 1305 504 1376 ΙΙΙ,
524 1323 556 1382 p.
574 1305 624 1377 96,
640 1301 736 1364 filium
753 1304 829 1365 dicit
842 1304 877 1367 C.
900 1303 1035 1367 Memmii
1048 1304 1145 1378 Galli,
1160 1306 1213 1387 qui

114 1404 261 1466 tribunus
271 1402 369 1485 plebis
383 1404 480 1481 legem
497 1405 534 1464 de
549 1402 611 1464 reis
625 1404 703 1479 tulit,
721 1404 757 1467 C.
775 1402 878 1481 Loetio,
894 1406 935 1489 Q.
959 1404 1102 1488 Caepione
1124 1406 1210 1468 Coss.

59 1543 62 1550 ·
116 1523 146 1562 a.
167 1500 239 1563 613.
260 1501 350 1561 Hunc
364 1498 400 1561 C.
430 1497 616 1572 Memmium,
633 1502 745 1580 dequo
765 1499 905 1577 dicimus,
924 1514 1104 1583 quaestorem
1120 1501 1211 1576 luisse

117 1621 147 1661 a.
166 1600 239 1677 637,
256 1597 411 1662 tribunum
422 1597 521 1680 plebis
533 1619 563 1660 a.
581 1598 653 1674 642,
670 1619 708 1660 ex
721 1601 864 1663 Sallustio
879 1605 950 1680 lug.
968 1622 996 1663 c.
1015 1603 1066 1676 27,
1085 1602 1125 1664 30
1141 1623 1208 1683 sqq.

85 1695 88 1698 “
119 1710 151 1760 et
166 1693 288 1760 aliunde
305 1708 436 1760 constat.
467 1697 605 1757 Praetura
619 1697 742 1759 iunctus
759 1695 844 1761 circa
859 1718 888 1758 a.
912 1698 971 1760 648
986 1697 1085 1760 rideri
1099 1713 1209 1782 potest,
1309 1697 1312 1706 ’

116 1817 186 1860 cum
199 1815 238 1857 ex
249 1793 413 1877 provincia
425 1813 549 1856 causam
569 1797 809 1876 repetundarum
822 1793 936 1857 dixerit
952 1793 1042 1877 (cic.
1058 1799 1121 1858 Pro
1135 1799 1210 1859 Fon-

118 1890 176 1955 tei.
191 1913 218 1954 c.
245 1894 274 1967 l,
289 1893 395 1953 Valcr.
411 1895 491 1953 Max.
509 1892 593 1966 Vlll,
611 1895 641 1966 5,
660 1893 697 1974 3)
712 1905 743 1954 et
755 1913 784 1955 a.
798 1892 858 1956 663
872 1891 908 1955 C.
927 1892 1035 1967 Mario,
1053 1894 1089 1952 L.
1101 1893 1212 1955 Flacco

119 1993 203 2056 Coss.
222 1994 414 2056 consulatum
423 2004 531 2072 petens
546 2012 564 2053 a
581 1993 720 2056 Glauciae
740 2007 772 2056 et
782 1993 944 2057 Saturnini
962 1990 1064 2076 operis
1090 1991 1211 2056 occisus

118 2090 223 2154 luerit.
242 2093 315 2154 Noti
333 2092 394 2154 loci
410 2103 482 2153 suut
499 2088 566 2154 Cic.
589 2092 682 2155 Catil.
694 2093 749 2167 tv,
765 2094 796 2168 2,
812 2090 882 2155 Lir.
898 2089 979 2174 Epit.
996 2091 1107 2168 LXlX,
1126 2094 1211 2154 Flor.

114 2192 177 2263 ΙΙΙ,
196 2193 247 2266 16,
266 2191 401 2273 Appian.
415 2189 492 2253 Bell.
508 2189 576 2252 civ.
595 2191 621 2262 1,
639 2191 689 2265 32,
705 2191 775 2255 coll.
792 2191 875 2252 Plut.
901 2190 1001 2253 Mario
1022 2209 1052 2251 c.
1069 2190 1212 2252 291634

116 2303 185 2352 octo
196 2289 245 2351 vel
261 2291 366 2353 decem
382 2289 473 2356 amus
490 2289 652 2354 Numidico
667 2293 820 2353 minorem
833 2291 925 2353 luisse
945 2290 1075 2372 patebit.
1100 2292 1212 2352 Multos

118 2411 276 2454 accusasse
299 2390 445 2455 Ciceroni
464 2392 552 2452 Brut.
576 2412 605 2453 c.
635 2393 673 2455 36
697 2390 848 2467 traditur,
872 2392 925 2472 qui
944 2405 1047 2454 tamen
1075 2389 1208 2464 luerint,

115 2502 229 2571 praeter
248 2491 283 2550 L.
300 2487 501 2569 Calpurnium
518 2486 665 2567 Bestiam,
691 2508 753 2552 non
776 2490 874 2570 liquet
892 2482 944 2574 [V.
958 2487 999 2548 ir.
1015 2507 1047 2568 p.
1072 2486 1131 2548 138
1145 2483 1207 2572 sap]

115 2591 178 2652 Sed
191 2589 334 2670 quoniam
347 2586 399 2651 hic
410 2609 479 2651 oum
493 2587 529 2650 C.
545 2589 659 2663 Galba,
685 2590 719 2652 L.
736 2587 873 2672 Opimio,
892 2590 947 2670 Sp.
966 2585 1093 2659 Albino,
1104 2587 1141 2648 C.
1155 2587 1212 2648 Ca·

114 2703 189 2752 tone
202 2690 236 2751 in
253 2707 380 2751 numero
397 2690 609 2752 damnatorum
630 2693 699 2771 lege
712 2687 849 2752 Mamilia
863 2685 932 2763 luit,
956 2707 1046 2769 quam
1057 2688 1157 2766 legem
1173 2688 1212 2748 ab

114 2792 181 2872 ipso
193 2788 336 2854 Memmio
344 2787 605 2872 privatomaxime
616 2793 767 2874 perlatam
775 2787 945 2853 verisimile
953 2800 1010 2862 est,
1023 2787 1213 2850 hoslortasse

115 2908 224 2950 omnes
245 2886 280 2950 iu
299 2887 451 2969 judicium
478 2908 602 2952 vocasse
630 2893 787 2953 credetur.
817 2887 1003 2950 Mordacitas
1026 2885 1158 2950 hominis
1176 2905 1213 2949 ex

116 2987 232 3050 acerbo
243 2989 307 3071 ejus
320 2990 353 3050 in
364 2989 525 3064 Scaurum,
537 2987 644 3054 Bestiae
651 2994 845 3062 advocatum,
859 2989 941 3050 dicto
955 2984 1090 3069 perspici
1099 2999 1210 3068 potest.

116 3088 190 3169 Ipse
203 3099 306 3148 tamen
316 3086 413 3148 simile
424 3083 498 3167 quid
509 3087 647 3152 aCrasso
659 3108 765 3171 passus
773 3101 820 3149 est
835 3086 919 3168 (cte.
929 3087 977 3148 De
991 3098 1070 3147 orat.
1087 3086 1128 3160 ll,
1144 3085 1210 3167 52).

115 3187 182 3250 Hoc
197 3187 265 3252 loco
278 3183 382 3250 Ovidii
401 3187 578 3264 admoneor,
596 3188 693 3270 quiin
708 3189 802 3250 Trist.
819 3189 862 3260 ΙΙ,
880 3187 955 3259 433,
978 3187 1133 3245 Memmii
1149 3205 1214 3243 ear·

115 3293 229 3349 minum
241 3287 392 3353 meminit·
407 3289 537 3362 Merula,
550 3309 649 3370 neque
664 3287 792 3356 Heinsio
807 3308 906 3369 neque
920 3290 1096 3348 Burmanno
1106 3297 1213 3346 notau-

115 3387 208 3465 tibus,
221 3390 305 3450 hunc
316 3400 456 3450 nostrum
466 3389 652 3466 Memmium,
665 3393 703 3452 de
715 3409 778 3470 quo
790 3389 931 3463 diximus,
941 3399 976 3448 et
984 3387 1020 3447 C.
1038 3383 1214 3447 Memmium

116 3487 260 3564 alterum,
284 3485 415 3551 Caesaris
430 3488 577 3569 aequalem
597 3503 630 3552 et
643 3483 820 3564 inimicum,
835 3489 873 3550 de
889 3507 952 3572 ,quo
965 3485 1085 3552 Gellius
1096 3482 1216 3566 judicat

115 3583 203 3662 XIX,
218 3587 249 3664 9,
264 3587 403 3648 eumdem
418 3605 483 3648 esse
502 3588 645 3651 credidit.
665 3589 808 3649 Fortasse
819 3589 852 3648 in
867 3587 940 3650 Vita
955 3583 1092 3647 Terentii
1108 3580 1213 3644 Sueto·

114 3682 208 3764 niana
223 3703 251 3744 c.
269 3683 299 3754 3,
311 3681 345 3764 p.
360 3684 399 3744 43
416 3685 464 3745 ed.
478 3684 573 3747 Wolf.
596 3704 653 3767 pro
667 3686 707 3767 Q.
735 3685 870 3746 Memmii
885 3679 1077 3764 ignotissimo
1089 3676 1214 3742 nomine
1342 3750 1348 3764 .

117 3781 188 3842 Caii
204 3780 402 3844 scribendum
425 3795 483 3843 est.
508 3784 632 3846 lacerta
663 3781 750 3863 cujus
768 3781 924 3854 Memmii,
954 3779 1082 3842 fortasse
1105 3791 1212 3862 poetae,

114 3881 213 3944 rerba
227 3895 300 3942 sunt
318 3881 399 3962 apud
423 3879 559 3963 Caprum
580 3903 613 3964 p.
634 3881 729 3944 2244.
755 3877 872 3945 Contio
893 3879 979 3961 apud
987 3878 1161 3942 Sallustium
1181 3877 1214 3936 iu
1333 3946 1335 3951 ¹
1367 3859 1372 3864 ’

116 3978 186 4054 Jug.
201 3998 230 4040 c.
249 3977 300 4053 31,
317 3973 497 4040 memoriam
511 3982 619 4044 saltem
630 4000 735 4042 rerum
747 3999 764 4039 a
776 3973 918 4042 Memmio
932 3978 1123 4060 prolatarum
1140 3961 1224 4036 con·¹
1280 4036 1284 4047 ,

115 4075 217 4146 tinere
230 4079 316 4141 credi
329 4092 443 4163 potest.
981 4075 985 4084 ’

160 4173 209 4236 36.
233 4176 378 4242 Decursis
391 4179 488 4261 igitur
502 4183 613 4244 horum
624 4179 780 4253 aetatibus,
797 4176 906 4255 exiguo
922 4174 1088 4242 intervallo
1106 4165 1215 4234 distin·
