2916 4838
652 285 722 412 eoo

464 567 496 630 t.
519 589 624 632 sunsro
644 588 729 638 umis
749 589 904 634 nutante.

173 744 308 810 Servilia
324 744 372 804 lex
383 743 421 804 de
432 742 559 826 judiciis
570 741 610 806 ab
625 742 780 824 equitibus
795 745 829 805 iu
846 749 989 806 senatum
1000 741 1236 817 transferundis,

130 867 223 928 quam
235 854 400 924 rogaverat
412 844 453 926 Q.
465 842 618 906 Servilius
630 844 733 926 Cepis
743 845 851 906 consul
862 864 893 906 u.
906 843 965 907 ott
978 843 1094 908 Crasso
1101 863 1238 913 mesore,

132 967 197 1010 nun
212 946 331 1028 perlata
352 944 475 1007 videtur
493 941 552 1005 riu
571 945 743 1028 posteriore
756 946 839 1008 enim
859 965 951 1009 causa
967 945 1073 1010 Crassi
1095 963 1154 1029 pro
1176 945 1236 1010 Cn.

133 1044 251 1107 Planco
262 1055 372 1105 contra
386 1042 428 1104 tt.
447 1043 577 1105 Brutum
588 1040 741 1125 judicium
756 1043 837 1125 opud
851 1043 970 1124 equites
984 1055 1138 1120 versatur,
1155 1056 1190 1105 ut
1202 1065 1238 1105 ex

132 1143 296 1206 Ciceronis
308 1143 367 1203 Or.
386 1161 445 1225 pro
462 1140 585 1206 Cluent.
603 1163 633 1205 c.
660 1145 695 1206 51
715 1139 840 1217 scinutus,
862 1139 915 1226 qni
931 1139 1020 1220 dicit,
1045 1144 1087 1207 Μ.
1109 1145 1239 1206 Brutum

133 1244 254 1306 animos
267 1243 392 1312 illorum
402 1241 542 1325 judicum
563 1242 596 1305 in
611 1241 757 1307 Crassum
769 1256 917 1324 tauquam
931 1229 1146 1308 adversarium
1157 1245 1239 1330 judi·

132 1343 251 1406 ciorum
260 1340 413 1423 equestris
419 1339 541 1406 ordinis
549 1340 719 1406 incendere
729 1342 874 1408 voluisse.

174 1438 243 1506 Cic.
259 1441 348 1502 Brut.
365 1458 395 1501 c.
410 1437 464 1514 43,
486 1440 541 1504 tst
553 1425 568 1500 ἰ
588 1439 758 1504 Scoerolam
778 1440 929 1520 collegam
950 1437 1055 1504 Crassi
1071 1441 1121 1526 (in
1142 1442 1239 1504 tribu,

133 1545 227 1616 natu)
240 1539 443 1603 credoiuisse.
455 1538 610 1604 Omnibus
624 1542 747 1622 quidem
758 1537 840 1613 aliis,
852 1541 991 1622 inquam,
1003 1538 1044 1618 in,
1052 1539 1240 1622 magistrati·

133 1641 201 1718 bus,
219 1644 274 1704 sed
288 1643 434 1704 tribunus
452 1661 535 1704 auno
550 1653 620 1724 post
634 1642 703 1719 brit,
724 1661 821 1722 eoque
835 1641 868 1703 in
882 1642 992 1704 rostris
1002 1644 1127 1707 sedente
1145 1643 1241 1707 suasit

130 1739 295 1804 Serviliam
311 1739 414 1818 legem
433 1739 574 1803 Crassus.
600 1739 681 1802 Nam
701 1759 865 1802 censuram
885 1737 953 1802 sine
974 1739 1111 1803 Scaevola
1133 1744 1238 1821 gessit.

127 1839 207 1899 Eum
224 1836 308 1899 enim
334 1837 551 1917 magistratum
568 1855 658 1900 nemo
673 1856 810 1918 unquam
822 1834 1029 1900 Scoetolarum
1043 1835 1168 1922 petivit.
1179 1839 1241 1904 Sed

129 1936 196 1998 hoec
213 1931 321 1997 Crassi
339 1953 433 2015 quum
452 1934 537 1997 edita
558 1932 657 2003 oratio
672 1945 731 2008 est,
755 1952 845 2013 quam
870 1946 901 1996 te
919 1951 1000 2018 saepe
1025 1931 1138 2014 legisse
1152 1947 1241 2000 certo

130 2033 208 2106 scio,
231 2042 365 2113 quatuor
379 2042 412 2094 et
428 2030 556 2112 triginta
577 2043 642 2093 tum
659 2029 795 2093 habebat
820 2051 918 2095 annos
941 2031 1131 2113 totidemque
1148 2035 1241 2098 anuis

132 2130 210 2192 mibi
222 2139 314 2190 etate
328 2127 509 2211 prestabat.
526 2127 568 2190 lis
578 2127 662 2192 enim
678 2127 858 2190 consulibus
866 2149 936 2192 eam
945 2131 1044 2210 legem
1052 2131 1157 2207 suasit,
1176 2135 1245 2216 qui.

131 2229 191 2292 bus
203 2223 271 2290 nati
282 2247 397 2304 sumus,
414 2245 508 2310 quurn
522 2225 590 2310 ipse
604 2237 688 2288 esset
702 2226 742 2307 Q.
759 2225 903 2310 Caepione
918 2229 1045 2294 consule
1059 2241 1151 2292 nutus
1166 2242 1199 2292 et
1209 2233 1245 2296 C.

130 2323 235 2398 telio,
253 2327 403 2402 triennio,
419 2328 487 2412 ipso
498 2322 602 2390 minor
612 2345 704 2408 quam
718 2327 883 2390 Antonius.

174 2425 241 2490 Cic.
254 2426 302 2488 De
312 2439 392 2488 urat.
407 2427 435 2498 1,
448 2425 499 2499 52,
511 2423 590 2484 2252
609 2423 698 2486 Plato
709 2425 1090 2504 novamquandamfinxit
1102 2425 1243 2491 inlibris
1262 2452 1268 2463 ·

133 2529 309 2605 civitatem3
327 2545 424 2607 usque
438 2544 475 2588 eo
488 2523 554 2596 illu,
569 2542 637 2605 que
649 2523 780 2586 diceudo
794 2523 832 2586 de
841 2523 963 2607 justitia
978 2525 1118 2609 putabat,
1133 2548 1151 2590 a
1167 2530 1240 2591 vitae

132 2623 352 2690 consuetudine
372 2634 405 2685 et
425 2642 444 2684 a
464 2621 625 2684 civitatum
642 2621 781 2684 moribus
799 2620 1023 2684 abhorrebant.
1047 2625 1137 2705 Quod
1154 2622 1182 2686 si
1203 2645 1241 2690 ea

132 2727 344 2810 probarentur
358 2725 392 2786 in
410 2722 533 2807 populis
546 2734 639 2804 atque
662 2722 697 2785 in
717 2721 912 2796 civitatibus,
929 2723 998 2805 quis
1014 2723 1088 2799 tibi,
1108 2724 1238 2801 Crasse,

132 2829 347 2905 concessisset,
368 2827 543 2890 clarissimo
556 2825 626 2890 viro
640 2837 674 2889 et
687 2825 824 2909 principi
838 2825 986 2900 civitatis,
1004 2837 1038 2888 ut
1052 2826 1105 2890 ilia
1119 2828 1242 2893 diceres

131 2932 165 2994 in
179 2930 314 2993 maxima
327 2929 481 2992 concione
495 2941 619 2990 tuorum
632 2926 760 3004 civium,
776 2947 843 3012 qnae
856 2927 979 2990 dixistis
993 2928 1112 3008 Eripite
1125 2952 1184 2992 nos
1197 2951 1241 2992 ecc

131 3031 275 3104 miseriis,
287 3031 398 3106 eripite
408 3023 601 3108 exsaucibus
611 3045 728 3098 eorum,
741 3045 868 3110 quorum
879 3025 1041 3087 crudelitas
1056 3043 1160 3089 nostro
1171 3049 1241 3088 sarr·

133 3131 227 3208 guine
243 3146 303 3186 non
318 3138 419 3203 potest
434 3120 555 3202 expleri
557 3150 574 3199 ,-
591 3121 685 3182 nolite
701 3127 800 3182 sinere
816 3142 873 3182 nos
886 3126 1030 3207 cuiquam
1045 3129 1162 3188 servire
1178 3129 1242 3186 nisi

134 3223 221 3285 uobis
232 3226 388 3296 universis,
400 3219 507 3305 quibus
517 3233 549 3278 et
554 3239 717 3300 possumus
728 3233 758 3278 et
769 3219 927 3280 debemus.

169 3365 270 3434 eripite]
281 3355 431 3412 invehitur
424 3374 453 3408 tn
459 3353 563 3428 judicia
571 3353 672 3406 ordinis
682 3352 824 3424 equestris.

163 3485 305 3538 possumus
324 3474 352 3521 et
369 3466 506 3532 emus]
525 3463 581 3516 boee
600 3463 705 3518 refert'
699 3483 727 3516 ur
746 3463 923 3535 dpeturtssinou
941 3462 1069 3538 exemplis
1089 3410 1190 3518 Auctor
1209 3465 1242 3520 ad

203 3557 321 3606 Hereun.
335 3555 389 3618 111,
403 3554 429 3606 3.
444 3552 502 3604 Cic.
515 3549 642 3602 Pondus.
655 3551 703 3615 1v,
719 3553 753 3602 3.
767 3547 872 3621 Eripite
892 3568 938 3603 not
955 3569 990 3602 ex
1002 3548 1138 3604 servitute.
1152 3550 1242 3605 Nolite

207 3637 291 3692 sinen
303 3656 348 3689 nos
360 3635 481 3708 respuant
494 3632 589 3688 seruire
606 3631 658 3686 nist
655 3632 742 3686 uobis
760 3631 898 3693 uerbenis,
914 3631 1007 3707 quibus
1024 3639 1052 3685 ct
1064 3651 1203 3704 possumus
1215 3643 1242 3688 et

207 3726 335 3778 kosmus.

177 3851 331 3917 Priscian.
341 3850 428 3926 vltt,
442 3848 493 3922 14,
507 3869 538 3932 p.
553 3847 613 3910 bil
628 3868 636 3906 z
661 3847 698 3908 L.
713 3844 844 3909 Crassus
865 3847 898 3909 in
919 3841 1155 3926 legisservitie
1175 3867 1242 3910 sua·

132 3953 238 4016 sione:
251 3951 352 4036 Neque
364 3969 415 4008 me
427 3953 528 4009 minus
540 3951 639 4010 vostri
648 3967 740 4030 quam
752 3951 815 4006 mei
824 3945 1030 4007 miserebitur.

177 4046 246 4110 Cic.
257 4048 348 4114 Orat.
363 4066 391 4108 c.
406 4044 459 4120 ot,
472 4045 552 4112 219:
570 4048 611 4112 Et
632 4041 705 4124 quia
727 4063 790 4106 non
813 4063 942 4108 numero
963 4043 1061 4108 solum
1077 4061 1241 4106 numerosa

134 4143 248 4219 oratio,
265 4145 362 4206 sedet
378 4141 599 4228 compositione
614 4137 649 4203 fit
664 4151 697 4202 et
710 4158 826 4218 genere
841 4137 1075 4216 concinnitatis,
1093 4133 1240 4222 composi-
