2934 4846
811 484 831 554 8

273 625 378 686 Rome
393 623 640 686 animadversum
655 622 758 685 inerit.
776 622 814 684 Et
832 625 933 684 luxum
950 621 1070 702 quidem
1087 639 1294 702 summamque
1309 639 1373 684 ma·

224 709 225 716 ἵ
272 721 482 802 gnifieentiam
499 725 581 804 apud
596 723 722 805 populos
747 723 816 786 illos
839 724 949 806 opibus
968 722 1113 784 llorentes
1133 710 1373 787 Volsiniensiim

272 822 443 904 exemplum
457 823 610 899 ostendit3
636 825 690 886 sed
709 835 826 905 quanta
846 822 964 902 llagitia
989 823 1121 885 mendax
1142 825 1267 889 Groecia
1283 841 1372 906 pere·

270 921 370 1000 guinis
393 919 537 999 gentibus
563 919 735 996 affinxerit,
758 924 840 984 idem
854 921 986 984 Timeus
1008 921 1106 996 testis,
1131 941 1225 1003 quum
1249 934 1371 996 narrat,

271 1039 388 1082 morem
411 1021 577 1100 levigandi
600 1027 750 1105 eorporis,
774 1023 967 1105 pilorumque
988 1023 1072 1104 turpi
1087 1022 1220 1086 artificio
1240 1022 1375 1086 euellen-

270 1121 379 1184 dornm
394 1141 412 1182 u
426 1122 584 1215 Messapiis
604 1110 853 1206 Samnitibusque
877 1121 1042 1206 (gentibus
1064 1123 1244 1205 quotidiano
1272 1143 1373 1186 armo·

270 1235 339 1278 rum
353 1237 409 1280 usu
422 1216 647 1296 duratissimis)
665 1222 704 1281 ad
718 1221 848 1282 Grecos
867 1221 959 1282 inisse
973 1222 1138 1302 perlatum.
1164 1221 1290 1305 Quippe
1302 1219 1373 1282 vitii

236 1364 240 1376 .
270 1316 699 1381 exeusationemamendacio
710 1315 846 1398 petebat.

315 1417 345 1478 5.
368 1414 564 1476 Disertorum
577 1410 666 1490 hujus
684 1412 782 1474 aetetis
794 1412 954 1474 bominum
968 1412 1134 1493 perexigua
1149 1415 1189 1474 ad
1203 1435 1260 1477 nos
1277 1430 1372 1499 pene·

269 1513 366 1577 travit
388 1510 549 1573 memoria.
572 1510 752 1584 Possumus,
767 1509 869 1592 inquit
884 1509 926 1570 Μ.
944 1507 1060 1570 Tullius
1074 1509 1108 1570 in
1123 1512 1221 1572 Bruto
1232 1509 1276 1593 (c.
1299 1511 1372 1596 14),

267 1607 416 1693 suspicari
439 1607 476 1666 L.
504 1606 633 1668 Brutum
656 1606 824 1683 disertum,
847 1606 929 1687 quod
948 1605 1074 1684 regibus
1094 1606 1191 1688 pulsis
1211 1605 1373 1670 civitatem

161 1699 165 1704 ¹
266 1708 498 1800 ¹magistratibus
511 1707 689 1789 legibusque
701 1707 890 1786 devinxerit,
906 1725 1064 1790 pomumus
1077 1708 1114 1768 L.
1137 1707 1294 1772 Valerium
1307 1709 1370 1769 Po·

267 1811 367 1882 titum,
380 1806 432 1887 qui
446 1805 641 1868 Decemviris
655 1805 840 1887 contemptis
854 1805 887 1866 in
901 1806 969 1888 ipso
983 1816 1093 1866 senatu
1107 1805 1146 1868 dc
1161 1805 1248 1884 regia
1261 1823 1370 1868 eorum

267 1915 419 1987 potestate
432 1900 591 1964 liberrime
605 1913 806 1984 conquestus,
823 1913 855 1964 et
869 1902 994 1983 gentilis
1007 1901 1113 1979 glorie
1123 1921 1243 1964 memor
1252 1901 1372 1982 legibus

267 2003 479 2068 saluberrimis
488 2022 615 2082 gravem
627 2003 812 2067 discordiam
825 2004 953 2068 sedavit.
970 2004 1018 2068 M.
1036 2002 1088 2086 (al.
1102 2001 1178 2091 Μ’.)
1193 2017 1294 2067 autem
1310 2005 1344 2068 V
1339 2027 1371 2064 a·

266 2106 391 2181 lerium,
409 2125 499 2186 quem
512 2104 623 2170 Cicero
637 2106 660 2168 l.
677 2125 706 2168 e.
726 2105 910 2168 dictatorem
925 2108 1148 2187 compescuisse
1166 2106 1369 2170 secessionem

266 2202 300 2264 in
314 2216 450 2264 montem
461 2203 591 2266 Sacrum
602 2202 694 2278 dixit,
707 2201 858 2266 Funeeins
872 2203 932 2281 (De
947 2203 1080 2266 adolesc.
1092 2205 1129 2266 L.
1140 2207 1166 2268 L
1179 2223 1212 2286 p.
1228 2201 1305 2288 180)
1322 2204 1365 2262 M.

268 2300 427 2363 Valerium
442 2301 575 2364 Corvum
596 2297 662 2364 esse
676 2313 800 2382 censet,
817 2302 916 2364 sexies
935 2299 1026 2374 Cos,
1043 2301 1095 2382 qui
1117 2301 1299 2364 seditionem
1314 2299 1368 2360 mi·

267 2399 355 2462 litum
374 2404 408 2464 in
422 2399 594 2485 Campania
608 2402 743 2468 dictator
759 2404 947 2486 composuit,
965 2403 1105 2484 quamvis
1118 2422 1185 2466 rem
1202 2402 1362 2486 percuss.

267 2514 457 2566 transactam
480 2502 534 2565 alii
553 2504 691 2566 Annales
711 2505 792 2586 apud
806 2503 876 2566 Liv.
899 2504 975 2579 Vll,
995 2503 1051 2578 38,
1068 2516 1233 2567 testentur.
1249 2503 1370 2566 Falsum

266 2600 395 2666 Fuucmi
413 2603 599 2665 sententiam
614 2622 704 2665 nemo
724 2623 787 2666 uon
803 2603 899 2666 videt.
918 2604 1023 2684 Neque
1045 2604 1152 2666 verior
1166 2615 1215 2666 est
1227 2601 1370 2681 Burignii

268 2701 384 2785 (Mem.
400 2702 438 2760 cle
451 2698 577 2766 l'Acud.
603 2702 657 2762 des
670 2704 772 2762 Inter.
791 2701 853 2764 vol.
876 2701 1026 2775 xxxvl,
1043 2721 1075 2784 p.
1093 2701 1169 2787 35),
1185 2700 1369 2764 Ciceronem

266 2819 337 2861 cum
351 2798 477 2861 Valerio
492 2798 641 2872 Maximo,
658 2801 751 2872 Vlll,
769 2804 803 2872 9,
824 2801 837 2860 1
851 2847 859 2874 ,
872 2819 994 2862 errasse
1008 2797 1223 2862 existimantis.
1239 2798 1309 2858 Non
1321 2817 1369 2859 er·

266 2898 366 2974 ruvit3
391 2897 445 2958 sed
467 2894 543 2958 alios
566 2896 704 2959 Annales
727 2909 847 2959 secutus
872 2910 918 2958 est
942 2910 1082 2977 uterque.
1104 2895 1193 2960 Conf.
1216 2894 1369 2959 Niebuhr.

266 2999 347 3061 Hist.
364 3001 455 3060 Rom.
472 2996 536 3058 rol.
552 2997 595 3057 11.
611 3015 644 3078 p.
660 2995 722 3056 404
736 3015 804 3076 sqq.
820 2997 868 3060 ed.
899 3016 962 3058 sec.
985 2998 1085 3061 Porro
1106 2997 1146 3060 C.
1170 2994 1366 3071 Fabricium,

267 3095 316 3162 M.
333 3093 522 3172 Popillium,
540 3091 591 3153 M.
610 3092 752 3167 Curium,
771 3092 823 3173 qui
837 3104 886 3156 ter
903 3091 973 3156 Cos.
990 3094 1146 3177 Pyrrhum
1164 3093 1255 3157 ltalia
1276 3115 1367 3176 expu-

266 3192 319 3265 lit,
339 3189 411 3250 Tib.
431 3189 674 3262 Coruncanium,
690 3188 823 3270 primum
839 3191 877 3251 de
889 3187 980 3272 plebe
993 3193 1086 3254 Pont.
1100 3192 1202 3269 Max.;
1218 3203 1249 3252 et
1263 3211 1301 3254 cx
1312 3191 1366 3264 iis,

266 3292 319 3373 qni
332 3289 430 3354 serius
440 3288 600 3364 vixerunt,
621 3287 657 3347 C.
674 3286 883 3363 Flaminium,
901 3290 940 3373 Q.
958 3289 1093 3351 Fabium
1107 3290 1308 3366 Maximum,
1326 3291 1364 3372 Q.

267 3393 450 3464 Metellum,
464 3388 562 3458 verbo
577 3403 708 3468 tangens
721 3388 833 3454 Cicero
845 3391 1056 3475 persequitur.

314 3489 447 3582 [Quibus
460 3493 668 3573 western-p.
688 3489 723 3552 31
740 3511 807 3574 sqq.
824 3493 911 3556 addit
925 3493 963 3554 P.
981 3491 1152 3556 Valerium
1161 3479 1366 3569 Poplicolum,

268 3596 305 3656 L.
327 3595 417 3658 Bruti
442 3592 609 3672 collegam,
629 3611 719 3674 quem
743 3593 928 3658 Plutarchus
950 3593 984 3655 in
999 3591 1073 3654 Vita
1095 3609 1123 3652 c.
1145 3590 1175 3666 1,
1196 3607 1302 3675 inquot
1324 3597 1368 3654 διὰ

270 3696 344 3774 lipsi
364 3693 455 3756 luisse
475 3692 588 3762 retem,
604 3691 872 3772 laudationemque
888 3691 1013 3770 college
1031 3686 1169 3754 defuncti
1184 3689 1243 3773 ipsi
1258 3688 1366 3752 tribuit

272 3807 302 3852 e.
320 3794 339 3855 9
349 3833 358 3864 ,
374 3804 443 3875 post
453 3789 585 3876 Dionys.
598 3791 668 3854 Hal.
686 3796 726 3855 A.
742 3791 781 3854 ll.
800 3793 839 3866 V,
858 3789 908 3852 17.
925 3786 1046 3851 Deinde
1060 3787 1244 3848 Menenium
1252 3789 1366 3866 Agrip·

265 3909 356 3968 pum,
374 3875 637 3969 eLivi011,tt;
661 3904 694 3954 et
714 3905 790 3970 quos
808 3886 961 3970 posterius
983 3884 1035 3950 bic
1052 3886 1210 3951 orationes
1222 3885 1366 3949 babuisse

266 3989 318 4052 tel
329 3989 419 4060 finxit
433 3990 483 4052 rel
499 3988 534 4052 in
556 3989 730 4055 Annalibus
748 3986 886 4062 inuenit,
908 3987 958 4046 M.
975 3984 1124 4058 Fabium,
1141 4002 1171 4045 a.
1195 3983 1256 4046 273
1273 3983 1363 4064 Cos,

266 4092 316 4166 ll,
335 4090 396 4167 473
420 4091 583 4151 Kaesonem
609 4090 799 4168 Quinctium,
816 4087 877 4162 lll,
899 4085 956 4164 11,
980 4085 1020 4146 C.
1049 4083 1246 4160 Canuleium,
1268 4086 1364 4150 tribu·

267 4205 357 4264 num,
375 4190 436 4262 lV,
455 4187 556 4260 3-53
587 4183 726 4264 Appium
756 4181 934 4259 Claudium,
959 4184 1002 4257 V,
1022 4181 1112 4246 3-6
1119 4208 1129 4262 3
1152 4181 1281 4248 Furium
1304 4183 1362 4244 Cu·

266 4284 401 4359 millum,
418 4289 457 4360 V,
481 4281 608 4346 51-54
621 4306 630 4361 3
650 4282 786 4364 Appium
800 4281 960 4345 Claudium
973 4279 1132 4358 Crassum,
1147 4285 1202 4359 Vl,
1217 4285 1258 4348 to
1271 4301 1361 4364 sq·-
