2904 4840
812 53 829 88 .
914 49 919 59 ι

764 115 769 128 0

714 369 718 375 .
755 313 821 383 106

189 436 209 506 2
235 449 275 504 τὴν
291 451 422 520 ἡγεμονίαν
442 451 491 504 ἀπὸ
507 456 592 510 ταύτης
608 457 647 508 τῆς
662 447 799 520 δυνάμεως,
817 451 832 506 ἢ
849 451 919 521 μέρος
935 452 1017 521 μικρὸν
1039 454 1103 522 αὐτῷ
1121 451 1275 512 Μακεδονίας
1292 454 1333 504 οὐκ

235 549 319 617 ipsese
339 547 496 622 διαφυλάξαι.
513 553 552 606 Μὴ
571 556 651 602 τοῦτον
666 545 705 602 οὖν
726 549 873 612 ἀπαλλάξειν
889 549 994 621 νομίζετε
1015 551 1169 623 ποιησάμενοι
1187 554 1269 621 φίλον,
1285 557 1339 608 ἀλλ’

235 643 337 708 ὀιιείνοος
359 650 486 712 ἐπάξεσθαι
504 647 731 716 καταφρονήσαντας
756 647 821 718 ὑμῶν
842 649 873 705 ὡς
890 649 963 698 πᾶσιν
985 647 1193 720 εὐκατεργάστων,
1211 649 1232 700 ιε’
1249 652 1338 724 Πύρρος

235 745 319 800 ἄπεισι
338 751 371 821 μὴ
389 747 441 806 δοὺς
459 744 525 798 δίκην
540 738 571 795 ὧν
586 745 692 816 ὕβρισεν,
713 745 776 798 ἀλλὰ
789 744 837 798 ’καὶ
854 747 993 817 προςλαβὼν
1017 748 1095 818 μισθὸν
1114 755 1155 800 τοῦ
1174 751 1337 824 ἐπεγγελάσαι

237 855 379 927 ‘papatem
396 846 550 919 Ταραντίνους
566 845 608 899 καὶ
622 848 745 907 Σαυνίτας.
768 833 910 898 Pertinet
926 848 1028 898 autem
1045 839 1147 900 oratio
1162 839 1201 900 ad
1217 859 1334 904 annum

236 943 278 1008 U.
295 960 324 1004 c.
338 935 411 996 tts.

277 1043 410 1108 Isidorus
427 1042 536 1122 Origg.
548 1026 581 1116 Ἰ,
599 1043 634 1104 st
641 1088 651 1118 ,
668 1043 686 1104 2
703 1068 712 1102 ε
743 1043 890 1106 «Primus
905 1043 986 1124 apud
1000 1044 1126 1106 Graecos
1139 1045 1336 1130 Pherecydes
1390 1105 1393 1109 .

234 1147 339 1228 Syrius
352 1144 427 1226 (non
441 1141 553 1228 Syms)
576 1144 676 1205 soluta
690 1142 832 1204 oratione
850 1139 989 1223 scripsit,
1013 1145 1094 1225 apud
1109 1145 1264 1207 Romanos
1283 1165 1334 1207 au·

234 1262 296 1310 tem
310 1249 431 1324 Appius
447 1245 555 1306 Coecos
568 1241 879 1322 adversosPyrrbom
890 1246 1025 1302 solutam
1037 1250 1205 1306 orationem
1217 1249 1335 1329 primus

233 1347 382 1411 exercuit.
397 1372 410 1400 ι
427 1346 532 1407 Dictio
547 1345 639 1424 hujrm
652 1340 793 1406 sitierat
805 1362 853 1415 ea,
871 1357 905 1406 ut
920 1341 1082 1406 Ciceronis
1093 1359 1231 1427 tempore
1243 1369 1333 1412 nemo

232 1465 318 1526 paene
332 1443 537 1522 enmiegeret,
554 1443 607 1504 sed
621 1440 748 1504 Senecae
759 1439 950 1520 temporibus
961 1439 1087 1501 fuerunt
1097 1444 1205 1519 multi,
1220 1448 1273 1526 qui
1288 1447 1335 1509 ni·
1375 1452 1378 1458 '

232 1544 292 1606 mio
302 1538 496 1623 antiquitatis
510 1559 615 1603 amore
626 1541 665 1601 ad
677 1539 811 1622 Appium
826 1537 1079 1600 revertebantur.
1094 1539 1240 1621 Legimus
1250 1546 1335 1611 enim

236 1649 269 1707 in
280 1645 418 1728 Epistola
436 1641 554 1707 CXIV:
577 1640 695 1705 «Multi
713 1661 753 1701 ex
771 1639 873 1701 alieno
883 1639 993 1701 saculo
1008 1652 1119 1722 petunt
1132 1644 1244 1718 rerba,
1262 1647 1336 1708 duo·
1424 1686 1426 1692 -

233 1743 332 1805 decim
356 1740 476 1804 tabulas
494 1743 691 1822 loquuntur:
717 1736 873 1798 Graccus
893 1737 955 1798 iilis
977 1750 1010 1798 et
1036 1739 1163 1799 Crassus
1183 1749 1217 1802 et
1242 1743 1335 1805 Corio

228 1841 321 1902 nimis
331 1840 408 1902 culti
418 1852 450 1901 et
464 1849 606 1900 recentes
617 1848 699 1912 sunt,
718 1837 757 1898 ad
766 1834 904 1914 Appium
918 1853 1013 1916 usque
1024 1847 1056 1898 et
1070 1838 1108 1897 ad
1123 1829 1333 1914 coruncanum

229 1939 371 1999 redeunt.
393 1962 407 1991 ι
422 1966 465 1980 --
480 1933 625 2013 Intelligo
639 1945 754 2018 prester
768 1933 901 2013 Appium
915 1943 1055 1994 nostrum
1079 1931 1116 1996 C.
1139 1937 1330 2011 Gracchum,

229 2040 264 2099 L.
285 2032 441 2098 Licinium
457 2031 613 2110 Crassum,
634 2033 671 2097 C.
688 2029 888 2096 Scribonium
900 2029 1069 2094 Curionem
1086 2053 1179 2095 arum
1199 2047 1231 2097 et
1243 2038 1333 2100 Tibe·

229 2137 309 2199 rium
323 2136 557 2210 Coruncanium,
580 2133 681 2217 quiin
698 2131 854 2200 Cicerone
867 2131 1079 2195 Coruncanius
1090 2136 1217 2199 dicimr.
1234 2141 1332 2203 Porro

229 2236 263 2298 in
276 2237 408 2316 Dialogo
422 2239 461 2298 de
478 2248 572 2298 oratt.
588 2256 619 2298 c.
637 2233 697 2300 182
725 2235 830 2296 «Num
842 2231 1017 2296 dubitamus
1029 2231 1186 2314 inventos,
1203 2241 1255 2321 qui
1267 2261 1332 2322 prae
1442 2229 1444 2234 ⁵

228 2339 346 2403 Catone
358 2338 498 2419 Appium
516 2339 640 2400 Coccum
649 2337 748 2416 magis
763 2334 996 2398 mirarenturis
1008 2337 1049 2402 Et
1063 2359 1092 2402 c.
1111 2341 1147 2401 21
1161 2362 1169 2402 =
1186 2340 1334 2406 «Asinius
1356 2405 1357 2408 ,
1394 2338 1397 2344 ’

228 2459 414 2520 quamquam
428 2438 630 2524 propioribus
649 2437 842 2520 temporibus
851 2450 942 2500 natus
956 2436 1010 2515 sit,
1022 2439 1146 2503 ridetur
1159 2441 1235 2505 mibi
1248 2444 1336 2506 inter

228 2539 387 2603 Menenios
400 2553 432 2604 et
448 2540 573 2620 Appios
585 2539 747 2602 studuisse.
765 2563 780 2594 ν

269 2641 456 2725 Pomponius
470 2641 518 2702 De
532 2637 614 2722 orig.
626 2639 718 2723 juris,
737 2639 859 2720 Digest.
880 2637 909 2713 1,
927 2637 959 2714 2,
977 2639 1015 2702 36
1030 2663 1039 2700 ι
1056 2641 1173 2723 Appius
1186 2640 1335 2706 Claudius
1387 2708 1389 2712 ,

228 2737 267 2800 dc
277 2741 401 2821 Pyrrho
411 2739 445 2801 in
459 2739 548 2806 Urbe
560 2760 623 2803 non
636 2738 816 2824 recipiendo
826 2733 1014 2799 sententiam
1029 2737 1100 2802 tulit
1114 2761 1122 2799 ο
1139 2740 1223 2803 bunc
1236 2742 1331 2805 etiam

226 2840 362 2895 actiones
377 2836 550 2917 scripsisse,
564 2833 713 2898 traditum
723 2847 789 2914 est3
804 2834 940 2916 primum
951 2836 990 2897 de
1000 2835 1262 2918 usurpationibus,
1280 2839 1332 2920 qui

226 2929 308 2993 liber
324 2949 387 2992 nou
402 2943 512 2993 exstat.

414 3144 461 3215 11.
488 3143 534 3236 Q.
553 3140 690 3214 Fabius
707 3143 896 3216 Maximus
914 3137 1130 3234 Cunctator.

268 3338 459 3399 Memoratur
473 3334 539 3416 ejus
553 3334 703 3406 Laudatio
717 3335 906 3417 Morcifilii;

267 3437 336 3504 Cic.
354 3427 427 3504 cai.
445 3436 519 3517 maj.
543 3459 572 3499 c.
595 3436 629 3511 t,
648 3436 709 3502 tt:
726 3436 824 3502 Multa
838 3435 871 3497 in
893 3434 989 3498 Fabio
1003 3435 1156 3517 preclara
1180 3443 1326 3518 cognovi,

225 3541 279 3605 sed
289 3541 368 3602 nihil
379 3550 426 3602 est
437 3535 662 3613 admirabilius,
680 3551 772 3620 quam
787 3537 938 3618 quomodo
955 3536 1008 3608 ille
1024 3547 1157 3601 mortem
1167 3537 1226 3604 iiiii
1241 3543 1326 3618 tulit,

178 3637 198 3706 3
226 3637 304 3702 clari
316 3637 380 3703 riri
392 3649 424 3700 et
439 3635 620 3702 considetis.
634 3635 690 3703 Est
701 3641 734 3696 in
744 3632 885 3696 manibus
899 3634 1054 3696 Ιαιιᾰαιίοι
1070 3655 1163 3717 quarn
1173 3659 1242 3706 cum
1253 3641 1329 3722 legi.

228 3755 315 3811 mus,
337 3751 427 3817 quem
442 3736 656 3818 philosophum
670 3753 734 3799 noo
750 3730 999 3796 contemnimus?

263 3874 343 3946 Filii]
363 3876 460 3944 Quinti
473 3877 559 3938 Fabii,
573 3892 651 3944 quern
662 3889 724 3924 cum
734 3871 843 3923 Catonis
853 3871 969 3924 censorii
977 3872 1034 3926 filio
1042 3893 1127 3946 usque
1136 3877 1201 3929 adeo
1209 3876 1333 3930 confudit

293 3959 446 4019 Gembard.
463 3963 492 4012 in
506 3960 597 4014 indice
611 3953 643 4007 ad
656 3956 714 4008 Cat.
729 3950 768 4007 bi.
783 3971 811 4024 p.
828 3955 891 4019 804,
905 3968 937 4009 ut
949 3956 1002 4028 ipsi
1014 3957 1119 4022 Catoni,
1133 3977 1187 4018 uon
1202 3959 1236 4025 Q.
1252 3959 1334 4013 Fabio

295 4044 417 4108 Maximo,
436 4044 581 4100 orationem
599 4037 738 4092 funebrem
751 4038 785 4092 de
798 4037 856 4094 filio
873 4039 1012 4098 tribueret.
1027 4041 1110 4113 Nemo
1126 4054 1215 4098 autem
1234 4059 1332 4100 memo·

291 4132 336 4187 riae
350 4129 470 4190 tradidit,
483 4125 538 4180 fiiio
552 4135 656 4178 mortuo
669 4125 711 4196 (ιι.
725 4126 760 4180 U.
777 4125 844 4196 601)
857 4124 1036 4185 laudationem
1050 4124 1178 4184 babuisse
1191 4128 1329 4186 Catonem.
