2954 4840
661 368 728 439 367

139 507 321 571 intercidat.
345 507 423 568 Nam
444 505 471 567 si
494 509 647 571 rationem
667 507 858 591 posteritatis
877 506 1003 583 habeas,
1020 507 1167 590 quidquid
1183 530 1244 572 non

140 621 187 670 est
196 618 368 688 peractum,
380 625 438 687 pro
454 625 518 667 non
528 599 672 670 inchoato
684 617 739 668 est.
759 607 872 668 Dices:
885 606 976 667 Potes
990 607 1079 668 simul
1091 619 1123 668 et
1133 608 1247 668 rescri-

140 710 219 770 bere
237 707 378 769 actiones
396 718 428 768 et
448 725 635 787 componere
648 706 821 768 historiam.
845 705 993 772 Utinam!
1016 707 1069 767 sed
1084 720 1246 788 utrumque

141 820 208 869 tam
222 819 367 884 maguum
381 815 438 878 est,
453 816 488 864 ut
502 804 626 868 abunde
640 807 681 866 sit
695 805 828 867 alterum
842 801 976 866 efficere.
1003 804 1245 871 Undevicesimo

143 902 242 970 etatis
256 924 339 966 anno
354 905 460 968 dicere
474 907 509 969 in
522 906 588 970 foro
602 906 694 988 eoepi,
713 918 744 968 et
760 919 843 968 nunt
858 905 993 978 demum,
1013 907 1086 986 quid
1101 913 1248 987 prestare
1274 895 1345 966 tlt

144 1007 254 1071 debeat
266 1019 387 1094 orator,
401 1007 502 1071 adhuc
515 1020 618 1070 umen
631 1026 689 1090 per
704 1006 870 1086 caliginem
884 1007 986 1070 video.

188 1105 237 1165 ld.
255 1106 282 1178 1,
302 1104 352 1180 18,
372 1103 403 1164 3.
425 1104 626 1190 Susceperam
655 1125 785 1166 causam
810 1104 890 1164 Juttt
903 1103 1059 1178 Pastoris,
1085 1123 1155 1166 cum
1176 1100 1251 1163 milti

146 1200 319 1284 quiescenti
331 1203 398 1264 visa
411 1214 459 1266 est
474 1223 582 1267 socrus
596 1223 665 1266 mea
676 1203 821 1266 advoluta
831 1201 973 1284 genibus,
992 1221 1032 1264 ne
1045 1220 1182 1280 agerem,
1199 1200 1251 1262 ob-

146 1319 285 1364 secrare.
301 1303 342 1364 Et
352 1321 440 1364 eram
452 1313 579 1364 aeturus
589 1302 690 1364 adhue
706 1301 962 1371 adolescentulus,
979 1297 1109 1362 eramin
1119 1299 1252 1381 quadro·

146 1398 223 1484 plici
233 1397 370 1482 juliolos
394 1420 481 1463 eram
496 1415 607 1466 contra
627 1397 858 1483 potentissimos
871 1399 1017 1473 civitatis,
1045 1411 1139 1480 atque
1156 1396 1250 1461 etiam

147 1501 279 1565 Caesaris
293 1501 430 1575 amicos3
452 1519 519 1583 quat
540 1501 662 1580 singula
682 1512 829 1564 excutere
853 1511 990 1562 mentem
1003 1497 1082 1561 milri
1101 1513 1170 1582 post
1188 1511 1250 1560 tam

149 1600 238 1662 triste
251 1596 405 1661 somnium
416 1611 572 1681 poterant.
583 1601 641 1678 Egi
655 1612 800 1662 tamem„
816 1601 969 1680 Prospere
978 1597 1085 1682 cessit.

192 1702 239 1762 ld.
254 1702 308 1771 Vl,
324 1700 376 1774 12,
390 1701 427 1762 2:
440 1701 476 1764 V
472 1705 555 1760 ectio
563 1699 693 1774 Prisco,
704 1711 851 1781 quantum
863 1698 1031 1780 plurimum
1040 1711 1161 1780 potero,
1174 1711 1252 1780 prae-

150 1799 238 1862 stabo
253 1799 424 1880 presertim
442 1799 476 1860 in
499 1819 596 1860 arena
611 1818 692 1870 mee,
708 1799 768 1860 hoc
783 1811 830 1859 est
843 1797 926 1878 aputl
943 1797 1165 1860 centumviros.

192 1899 241 1960 ld.
254 1898 308 1972 Vl,
327 1900 377 1972 18,
392 1899 405 1959 l
423 1920 431 1958 ι
450 1900 551 1977 Rogas
563 1909 599 1957 ut
611 1917 700 1976 agam
712 1898 936 1955 Fimranorum
944 1893 1100 1976 publicam
1115 1911 1251 1958 eausam,

150 1997 230 2076 quotl
241 2015 311 2076 ego
331 2015 516 2078 quamquam
524 1995 665 2076 plurimrs
679 1989 933 2076 occupattonrhus
941 1991 1100 2068 distentus
1114 1991 1249 2052 adnitar.

150 2095 249 2180 Cupio
268 2101 352 2162 enim
366 2111 397 2160 et
408 2095 640 2160 ornatissimam
654 2096 809 2160 coloniam
824 2096 1038 2160 advocationis
1060 2093 1162 2158 officio
1176 2107 1208 2158 et
1224 2107 1254 2154 to

152 2192 328 2274 gratissimo
341 2197 400 2258 tibi
414 2217 543 2259 munere
555 2197 767 2276 obstringere.

195 2295 240 2357 ld.
261 2297 336 2368 Vll,
354 2297 406 2372 33,
424 2301 465 2359 5.
482 2297 618 2360 Dederat
629 2316 679 2358 me
690 2307 814 2368 senatus
829 2314 898 2356 cum
913 2291 1074 2356 llerenmo
1085 2293 1256 2360 Senemmm

153 2384 334 2455 advocatum
348 2393 523 2488 provincie*
531 2393 653 2456 Baetioae
674 2407 780 2453 contra
796 2389 938 2450 Barbium
954 2389 1110 2466 Massam,
1128 2393 1253 2474 damna·
1276 2401 1278 2408 “

155 2505 246 2572 toque
260 2495 362 2556 Massa
378 2507 555 2570 censuerat,
575 2505 610 2555 ut
624 2492 745 2556 bona
717 2511 784 2576 ejus
792 2490 933 2577 publiee
928 2491 1169 2555 custodirentur.

190 2655 306 2708 Boebt'um
323 2657 470 2725 Massam]
491 2657 643 2710 Herennius
662 2657 785 2719 Senecio,
804 2657 851 2726 qui
868 2673 920 2708 una
939 2673 1000 2709 oum
1017 2655 1105 2710 Plinio
1126 2660 1259 2711 accusarit

227 2742 343 2804 Baebium
363 2746 486 2808 Massam,
507 2745 686 2797 aDotnitiano
705 2743 829 2796 sublatus
843 2755 885 2796 est
904 2763 929 2796 a.
948 2747 980 2796 tt.
1008 2744 1069 2798 846.
1084 2745 1115 2796 ln
1138 2747 1259 2817 Agricola

229 2827 313 2880 Taciti
321 2847 379 2899 cap.
391 2827 425 2880 45
439 2826 563 2898 legimus,
577 2826 726 2899 Agricolam
738 2826 837 2880 vidisse
848 2823 902 2898 jam
917 2845 990 2880 teum
1003 2830 1115 2881 Massam
1127 2829 1257 2882 Btebium:

228 2916 250 2968 is
268 2926 490 2970 autemmortuus
502 2927 581 2972 esta.
596 2917 630 2968 U.
646 2915 706 2979 845,
721 2935 749 2986 p.
763 2915 823 2966 Chr.
848 2916 893 2968 93.
912 2915 1006 2969 Quoue
1016 2916 1260 2988 igiturilltteodrm

230 3017 299 3050 anno
316 3009 372 3050 acta
385 2998 495 3060 videtur,
513 3009 543 3049 ut
556 2997 695 3050 Maesone
688 3017 717 3049 ιιι
731 2998 794 3051 Vita
806 2998 887 3052 ΡΙιιιιι
899 3020 927 3071 p
920 3001 975 3051 59
986 2998 1096 3070 placuit.

201 3137 247 3197 lsl.
265 3136 324 3210 ΙΙΙ,
343 3133 383 3196 l:
399 3135 506 3213 Legati
518 3131 693 3228 provincie
712 3133 834 3197 Baeticae
848 3135 987 3218 questuri
1002 3135 1262 3213 deprocousalata

162 3237 285 3296 Cactltt
302 3235 435 3297 Classica
446 3237 630 3297 advocatum
642 3257 692 3334 me
707 3257 724 3298 a
739 3251 848 3300 senatu
859 3237 1027 3320 petierunt
1211 3242 1219 3256 ⁴

184 3355 298 3444 Cacils't'
307 3387 432 3458 Classt'ci]
453 3389 523 3441 Plin.
534 3391 613 3460 epist.
625 3393 641 3442 9
655 3389 773 3464 eJusdem
788 3389 875 3444 libri.
893 3389 1013 3446 Caesium
1027 3391 1175 3461 Classicus,
1190 3392 1263 3448 honus

228 3473 314 3530 sadus
326 3481 353 3527 et
370 3480 461 3546 aperte
474 3473 569 3538 malou,
586 3471 795 3544 proconsulatum
809 3472 835 3526 t'n
849 3475 982 3545 prostrata
1003 3475 1103 3530 Balara
1115 3497 1166 3530 non
1177 3477 1264 3532 mistus

232 3557 354 3610 violenter
365 3575 443 3628 quam
456 3557 558 3612 sordt'de
567 3563 685 3630 gesserat
696 3558 781 3610 eodem
794 3577 861 3610 anno
873 3577 924 3631 quo
939 3565 966 3612 tis
979 3559 1073 3630 Africa
1082 3559 1187 3615 Masius
1200 3562 1264 3615 Pri-

231 3659 300 3692 scus.
316 3643 385 3694 Erat
394 3655 480 3696 autem
491 3642 596 3696 Priscus
604 3641 763 3702 castaneas
774 3661 808 3694 ex
821 3642 918 3714 Afrt'ca
926 3643 1110 3699 Classicum-
1117 3647 1178 3700 llaec
1187 3637 1266 3699 eausa

233 3736 289 3778 scta
304 3735 347 3776 est
357 3743 381 3781 a.
396 3728 430 3780 U.
445 3727 507 3778 851.
517 3727 591 3796 (tid.
606 3728 721 3780 Messon.
732 3723 788 3778 Vlt.
798 3725 869 3780 Plin.
882 3745 910 3798 p.
925 3729 981 3796 st.)
1045 3761 1048 3773 .

206 3869 250 3931 ld.
269 3869 310 3945 ll,
329 3869 362 3930 ll
380 3895 387 3929 ι
405 3861 463 3950 Egi
478 3890 548 3933 eum
562 3871 711 3934 Cornelio
725 3873 833 3934 Tacito
850 3893 976 3932 causam
991 3877 1147 3956 Afrorum
1162 3894 1266 3938 eontra

163 3971 306 4029 Marium
317 3969 476 4038 Priscum,
492 3971 721 4050 proconsulem.

199 4142 222 4174 c.
237 4121 352 4174 Martiam
365 4121 502 4187 Priscum]
519 4132 579 4174 ¹acta
591 4135 632 4175 est
645 4141 723 4177 causa
736 4143 750 4174 a
764 4121 851 4174 Plinio
870 4140 894 4172 a.
910 4121 943 4174 U.
961 4125 1023 4188 stt,
1038 4143 1097 4178 eum
1113 4127 1266 4202 designatus

236 4221 292 4262 erat
304 4209 409 4262 consul.
