2934 4846
247 503 345 578 mine
363 503 426 578 sed
446 528 486 579 re
501 505 578 602 ipsa
590 505 753 603 prodiret
769 507 908 581 auctior
920 519 956 582 et
968 507 1204 582 emendatior.
1226 505 1340 583 Lucu·

246 627 361 701 lentas
392 628 527 726 aliquot
555 627 755 705 additiones
786 630 957 705 debemus
982 630 1106 728 juveni
1132 629 1340 705 doctissimo

243 746 381 835 Eooun,
411 774 519 849 quem
551 764 806 827 ornamentum
835 752 923 826 olim
954 751 1101 828 Gallicae
1132 751 1339 851 philologiae

239 870 317 946 lore
330 872 505 959 arbitror;
520 874 609 950 alias
626 875 728 974 operi
747 874 1039 962 accuratissimo,
1055 874 1153 972 quod
1166 875 1337 948 omnibus

241 992 372 1068 harum
394 1019 519 1070 rerum
544 996 714 1073 studiosis
743 997 990 1096 maximopere
1019 997 1334 1083 commendamus,

240 1114 390 1192 aaroni
417 1117 692 1205 Wrsrrnrrann,
729 1119 935 1194 Gesebiobte
964 1121 1027 1194 der
1055 1121 1341 1195 Beredtsamkeit

240 1237 277 1309 in
296 1237 556 1312 Grieobentond
569 1240 642 1312 urtd
656 1241 758 1322 Rom,
788 1241 859 1312 vol.
879 1240 923 1323 ll,
946 1239 1043 1337 Lips.
1068 1244 1171 1314 1835.
1191 1240 1260 1331 Qui
1279 1241 1337 1314 vir
1465 1329 1466 1332 Ἴ

236 1360 466 1446 doctissimus
491 1385 604 1458 quum
630 1362 670 1435 in
698 1385 880 1436 annorum
910 1363 1178 1460 computatione
1208 1364 1334 1440 Fastos

237 1481 458 1583 Capitolinos
477 1483 610 1582 ubique
638 1496 827 1583 sequatur,
856 1483 1022 1559 eamdem
1042 1483 1081 1557 in
1101 1485 1172 1559 boc
1191 1509 1334 1585 quoque

235 1609 331 1684 libro
349 1606 596 1694 restituimuS‚
619 1633 666 1684 ne
686 1608 779 1683 forte
804 1605 995 1685 turbentur
1014 1607 1077 1706 qui
1102 1621 1273 1706 utroque,
1297 1609 1334 1683 id

235 1732 332 1834 quod
356 1733 514 1810 maxime
543 1733 753 1818 suademus,
786 1730 895 1805 simul
924 1729 1037 1805 velint
1060 1731 1123 1804 uti.
1150 1730 1333 1806 Fnrnnnrcr

231 1851 395 1930 Etennnr
421 1853 562 1926 brevem
586 1853 773 1926 historiam
802 1847 1027 1947 eloquentie,
1053 1848 1192 1923 meritis
1217 1848 1331 1923 laudi·

230 1975 297 2048 bus
325 1973 460 2050 dudum
485 1975 721 2060 celebratam,
754 1987 794 2048 ut
819 1969 1026 2072 oportebat,
1055 1972 1094 2044 in
1120 1971 1222 2048 initio
1246 1970 1330 2045 libri

232 2097 437 2196 ponendam
462 2097 685 2184 curavimuS,
709 2098 869 2198 exceptis
888 2097 990 2182 inde,
1018 2096 1049 2170 si
1070 2096 1148 2172 lieri
1168 2109 1325 2193 poterat,

233 2217 277 2292 iis
290 2242 371 2316 quae
389 2219 433 2294 de
455 2219 607 2317 singulis
629 2217 854 2295 orationibus
867 2217 1095 2294 disseruntur
1112 2243 1121 2289 :
1137 2218 1217 2291 haec
1229 2218 1327 2291 enim

228 2340 304 2434 jam
316 2337 528 2436 fragmentis
541 2339 629 2440 ipsis
644 2338 781 2413 inserta
790 2337 920 2414 melius
934 2336 1178 2434 intelligentur
1188 2348 1224 2410 et
1233 2335 1327 2433 judi·

228 2460 415 2536 oabuntur.
437 2463 606 2539 Ceterum
626 2463 729 2539 uncis
751 2463 825 2539 lere
848 2461 1061 2537 inclusimus
1081 2483 1163 2558 quae
1182 2460 1324 2558 utrique

227 2586 329 2685 operi
357 2586 396 2661 in
420 2574 490 2664 bae
517 2587 674 2665 editione
700 2597 954 2671 accesserunt,
981 2598 1018 2659 et
1042 2597 1146 2660 notas
1166 2607 1323 2683 praeser-

226 2710 292 2783 tim
304 2704 449 2785 criticas
465 2713 639 2786 asterisco
660 2710 901 2786 distinximus.

973 2861 1035 2932 Fn.
1065 2859 1105 2934 D.
