2934 4846
798 513 825 584 4.

262 659 419 722 commoda
442 656 600 732 vindicet,
627 667 659 718 et
682 655 821 720 novimus
847 629 946 722 1111111
960 657 1153 725 Socmticnm
1175 679 1294 726 morem
1321 662 1356 726 in

161 779 165 788 ⁸
261 768 555 840 utramquepartem
565 753 937 837 disserendirsedparam
949 760 1360 842 tamenacutisocnlisopus

259 869 323 930 est,
336 869 370 918 ut
383 854 417 916 in
431 853 553 916 iteratis
566 852 629 915 illis
639 850 818 934 eloquentie
828 851 969 916 laudibus
981 856 1048 939 ipsa
1061 855 1223 921 Ciceronis
1233 870 1359 920 senten.

257 955 300 1016 tia
312 963 510 1033 agnoscatur.
533 949 613 1014 lllud
632 961 735 1012 autem
755 948 944 1014 intellexisse
965 952 1098 1018 Tullium
1117 955 1268 1019 credibile
1287 967 1355 1031 est,

256 1052 515 1135 haeeeloqaentiea
527 1050 650 1127 merita,
674 1063 829 1132 utcunque
838 1049 1022 1132 probabilia,
1038 1052 1072 1116 11
1082 1072 1188 1116 rerum
1199 1068 1354 1135 gestarum

257 1149 464 1214 monumentis
482 1160 575 1212 testes
596 1169 658 1211 non
674 1146 800 1210 babere.
823 1147 873 1210 lta
886 1148 976 1232 hujus
998 1151 1093 1224 artis,
1110 1167 1148 1215 11
1162 1159 1353 1229 ceterarum,

254 1248 347 1311 initia
361 1248 492 1318 obscura
501 1244 635 1323 caligine
646 1242 778 1304 obducta
787 1243 1004 1324 reperiuntur3
1017 1259 1052 1310 11
1063 1252 1233 1331 prudenter
1244 1252 1353 1319 iecisse

254 1345 366 1411 Cicero
376 1342 597 1409 existimandus
607 1340 664 1416 sit,
682 1341 763 1422 qnod
779 1340 818 1400 de
831 1341 978 1405 Romane
989 1343 1172 1426 eloquentie
1182 1350 1357 1430 originibus

253 1447 333 1534 nihil
352 1445 450 1508 1111111
464 1437 664 1504 memorabile
679 1436 864 1519 prodiderit.
883 1438 962 1500 Nam
980 1437 1014 1501 in
1030 1443 1127 1504 Bruto
1138 1447 1188 1528 (c.
1204 1447 1261 1523 14)
1278 1471 1355 1514 non.

254 1545 314 1616 nisi
328 1541 511 1626 suspicando
524 1538 604 1601 viris
615 1536 785 1601 illustribus
803 1538 1013 1623 eloquentium
1030 1559 1143 1604 nomeu
1158 1543 1286 1620 tribuit,
1303 1551 1357 1613 iis.

256 1663 315 1725 que
326 1643 502 1704 aRomsnae
513 1634 650 1698 civitatis
659 1633 838 1718 primordiis
847 1654 923 1697 sane
934 1636 1072 1700 remotis.
1083 1637 1242 1704 Sederant
1250 1643 1364 1711 diserti

254 1763 313 1827 pro
328 1742 451 1805 ratione
465 1741 565 1802 aetatis
581 1751 614 1801 et
626 1737 826 1811 cruditionis,
844 1737 943 1818 qualis
953 1752 1027 1801 ante
1036 1738 1225 1805 ¹debellatam
1237 1745 1359 1811 ltaliam

254 1857 287 1908 et
297 1846 479 1910 Graecorum
496 1859 566 1903 cum
580 1837 728 1902 Romanis
741 1838 930 1901 commercia
946 1857 1012 1900 esse
1028 1840 1140 1922 potuit.
1157 1841 1261 1924 Neque
1275 1847 1359 1912 litte·

251 1965 359 2007 rarum
377 1951 737 2012 monumenta-exstant,
754 1952 790 2000 11
807 1939 1003 2022 pluraquam
1021 1938 1185 2004 obscuram
1204 1945 1357 2013 dictorum

250 2047 462 2126 factorumque
476 2044 589 2107 famam
606 2043 801 2106 nanciscere.

295 2144 326 2205 2.
349 2146 436 2210 Gens
450 2142 534 2205 enim
547 2135 677 2212 martia,
693 2139 797 2202 omnia
811 2140 992 2218 magendo,
1008 2140 1088 2204 nibil
1102 2142 1214 2208 sercin
1228 2145 1360 2209 dicendo

255 2249 374 2330 ponens
384 2242 531 2304 momenti
545 2236 703 2323 (cujus'rei
714 2237 848 2316 insignia
864 2231 944 2318 apud
958 2238 1081 2300 Livium
1095 2241 1273 2304 testimonia
1287 2257 1360 2307 snut

254 2344 301 2414 X,
331 2341 368 2400 19
392 2338 654 2423 1122),11111
689 2333 788 2397 literis
802 2335 912 2412 dedit,
942 2329 1041 2420 neque
1066 2337 1185 2401 artibus
1211 2358 1357 2421 operam,

252 2440 430 2522 priusquam
453 2438 582 2501 subacta
602 2435 714 2512 ltalia,
737 2435 891 2498 mentibus
905 2439 943 2498 ad
965 2436 1076 2498 altiore
1094 2437 1243 2512 arrectis,
1266 2440 1356 2503 Grae·

254 2557 360 2599 corum
384 2549 416 2598 et
434 2537 607 2601 Siculorum
622 2534 809 2598 commercia
823 2535 948 2597 inierat.
971 2537 1048 2619 Quae
1068 2534 1095 2596 si
1112 2547 1204 2597 antea
1215 2535 1281 2617 jam
1293 2534 1357 2596 111-

183 2623 185 2628 ’
254 2648 329 2697 mut
342 2649 525 2698 mercaturae
535 2653 626 2698 causa
638 2633 778 2696 instituta
794 2653 893 2714 neque
906 2645 970 2696 tam
982 2633 1096 2695 crebra
1107 2634 1260 2696 censenda
1274 2645 1358 2704 snut,

253 2745 287 2794 ut
301 2735 368 2812 plns
385 2753 476 2816 quam
493 2734 611 2815 species
626 2735 764 2814 quaedam
777 2751 882 2795 rerum
896 2732 1054 2812 utriusque
1066 2732 1172 2814 populi
1186 2731 1226 2792 ab
1242 2751 1305 2794 uuo
1319 2733 1360 2794 ad

253 2829 384 2894 alterum
394 2842 605 2910 permaneret.
619 2831 718 2891 Erant
728 2843 832 2891 tamen
845 2831 885 2891 ad
900 2831 1064 2890 dicendum
1079 2827 1282 2888 incitamenta
1298 2829 1359 2889 Ro·

253 2926 351 2986 mauis
367 2944 430 2987 non
445 2925 586 2988 minima.
602 2928 682 2988 Nam
701 2945 765 2986 mos
783 2926 836 2987 ille
850 2925 930 2985 haud
945 2925 1129 3005 insipienter
1143 2923 1307 2998 inductus,
1322 2939 1358 2986 11

250 3029 335 3104 leges
351 3044 408 3106 pro
426 3019 577 3086 concione
598 3020 801 3086 suaderentur
822 3037 854 3085 11
874 3024 1147 3096 dissuaderentur,
1174 3035 1248 3086 aute
1262 3025 1356 3087 etiam

252 3123 403 3188 exstitisse
418 3123 558 3198 videtur,
589 3141 680 3203 quam
699 3121 817 3199 legibus
835 3121 969 3184 Publilia
991 3135 1023 3182 ct
1044 3121 1155 3184 Maenia
1176 3135 1280 3204 patres
1302 3142 1356 3183 eu·

252 3233 354 3283 atores
360 3220 429 3283 fieri
437 3219 514 3302 jussi
529 3234 612 3297 1111,
624 3220 802 3304 prinsquam
816 3220 917 3282 tribus
930 3220 963 3282 iu
975 3219 1120 3299 sullragia
1141 3219 1353 3282 mitterentur.

251 3320 414 3382 suasiones
428 3334 532 3383 tamen
547 3319 624 3400 legis
636 3318 776 3400 Ogulniae
789 3317 873 3404 (Liv.
896 3320 948 3392 Vl,
967 3317 1040 3404 11),
1066 3318 1261 3397 rogationum
1279 3318 1357 3383 Lici·

250 3423 372 3484 niarum
393 3417 479 3503 (Lis.
503 3420 549 3494 Χ,
567 3419 643 3504 tt),
667 3431 701 3482 et
720 3420 817 3480 multo
836 3430 910 3482 ante
931 3417 1089 3481 Canuleiae
1107 3430 1140 3478 et
1159 3416 1352 3492 Terentium,

251 3523 325 3603 quin
340 3543 380 3584 ex
394 3521 476 3586 Livii
494 3521 666 3597 sententia,
693 3521 765 3602 quid
779 3520 885 3585 dicere
903 3519 1088 3603 potuissent,
1104 3507 1281 3581 bominibus
1294 3517 1358 3579 illie

250 3619 453 3701 conjectando
474 3620 638 3701 adscriptae
655 3619 735 3693 sint,
762 3616 864 3681 nullus
877 3618 969 3679 hodie
988 3629 1056 3690 est,
1079 3614 1132 3696 qui
1145 3613 1276 3679 dubitet.
1295 3618 1356 3678 Vc·
1376 3613 1380 3620 '

247 3738 317 3780 rum
326 3729 520 3802 nonparnm
538 3719 698 3802 probabile
712 3718 789 3796 erit,
807 3719 834 3780 si
849 3717 917 3799 quis
930 3717 1021 3778 initia
1036 3715 1194 3797 popularis
1212 3716 1356 3796 eloquen-

247 3820 297 3881 tiae
313 3841 410 3902 usqne
424 3824 463 3884 ad
483 3821 681 3886 Decemviros
699 3821 861 3893 retulerit,
884 3839 943 3900 quo
958 3832 1098 3901 tempore
1119 3816 1242 3900 plebea
1263 3816 1354 3878 nobi·

244 3920 319 3983 lium
348 3922 483 3987 faotione
493 3926 620 4006 impune
634 3936 746 3985 vexata
756 3925 795 3984 de
817 3922 943 3983 miseria
957 3920 1091 4002 primum
1109 3937 1271 3996 emergere
1286 3937 1349 3980 coe·

245 4019 304 4102 pit.
326 4023 404 4086 Utut
421 4022 512 4082 rudes
527 4020 644 4084 luerint
662 4020 857 4081 tribunorum
877 4015 1041 4080 conciones
1062 4011 1122 4098 (de
1138 4033 1198 4094 qua
1217 4033 1253 4075 re
1271 4015 1354 4076 haud

246 4122 495 4206 improbabiliter
512 4124 712 4186 disserentem
732 4121 857 4183 exhibet
877 4118 1065 4180 Voleronem
1088 4113 1276 4194 Publilium,
1297 4119 1346 4190 11,

249 4226 319 4301 56),
335 4225 472 4288 atluisse
490 4225 743 4307 quemadmodum
755 4220 858 4284 evinci
873 4239 935 4282 uon
954 4229 1075 4302 potest,
1095 4237 1172 4283 uero
1196 4233 1297 4282 tamen
1315 4217 1353 4278 si-

246 4323 318 4388 mile
333 4339 394 4403 est3
413 4347 471 4389 nec
486 4326 546 4387 nisi
566 4323 694 4387 rudibus
708 4323 807 4384 initiis
823 4341 897 4402 gens
913 4319 1006 4384 armis
1017 4321 1189 4406 tractandis
1204 4320 1345 4401 agrisque
