2934 4846
644 478 662 547 t

101 619 212 695 animi,
230 633 370 682 senescat
383 631 415 681 et
428 619 620 684 obliteretur.
634 619 696 682 Sed
711 619 792 700 quod
806 618 962 698 bucusque
974 616 1125 679 creditum
1139 631 1198 694 est,

101 701 256 779 Rimanos
268 719 398 800 juvenes
418 719 556 780 Etruscis
572 717 758 779 erudiendos
778 718 886 789 datos,
904 734 1004 796 nuper
1023 714 1198 778 conveltee

101 814 264 878 voluerunt
276 817 423 880 Goerenz.
450 819 490 881 ad
504 817 599 896 Legg.
616 817 662 889 11,
691 819 721 891 9,
741 815 793 889 21,
810 827 841 876 et
855 815 1015 876 Fraudsen
1035 812 1090 889 (in
1105 813 1203 874 Haru-

100 915 249 997 spicibus,
265 915 402 980 Berolini
416 918 508 982 editis
529 936 559 980 a.
576 916 684 991 1823).
697 920 738 978 Et
750 915 823 976 hnic
837 913 905 976 vim
922 914 1058 978 libenter
1075 911 1204 977 assenti-

100 1035 184 1089 mur,
205 1035 303 1099 uoquc
316 1020 497 1102 hamspices
508 1020 677 1087 Romanos,
698 1035 798 1096 neque
818 1015 981 1096 collegium
1003 1035 1111 1079 eorum
1130 1026 1205 1077 aute

99 1119 256 1182 Gesacum
267 1133 408 1203 tempora
421 1121 525 1192 luisse,
539 1136 631 1198 quam
642 1117 772 1178 eandem
783 1116 961 1177 Rubukeuii
971 1119 1156 1181 seutentiam
1170 1116 1205 1178 iu

98 1225 329 1298 programmate
354 1237 456 1298 nuper
476 1212 615 1296 exposuit
639 1212 860 1278 Eichstadtius.
878 1213 941 1276 Sed
956 1212 1085 1294 juvenes
1108 1215 1205 1278 solum

100 1314 266 1390 Etruscos,
283 1333 344 1374 uon
357 1313 522 1385 Romanos,
545 1309 689 1372 didicisse
703 1307 945 1391 haruspicinam,
961 1329 1024 1373 nou
1037 1313 1203 1375 credimus.
1235 1353 1239 1362 ·

40 1481 42 1487 Ι
99 1411 179 1472 Nam
191 1412 269 1484 hec,
291 1428 381 1472 sensu
397 1409 546 1492 ampliore
558 1409 718 1482 sumenda,
735 1407 914 1488 auguralcm
932 1409 1029 1472 etiam
1042 1407 1207 1472 scientiam

100 1509 379 1591 complectebatur,
406 1529 465 1592 qua
482 1507 616 1572 Romani
639 1507 798 1590 principes
822 1527 932 1571 carere
956 1529 1019 1573 uon
1044 1523 1203 1594 poterant,

102 1612 181 1692 quod
197 1629 306 1674 omues
320 1609 505 1676 cerimoniae
526 1621 558 1670 et
580 1609 718 1690 auspicia
732 1608 766 1669 iu
780 1609 1014 1688 magistratuum
1028 1622 1061 1672 et
1081 1623 1207 1678 senatus

101 1718 253 1788 potestate
276 1719 380 1771 erant.
404 1709 504 1788 Atque
528 1706 562 1767 id
586 1702 726 1769 Gracchi
745 1705 918 1788 exemplum
940 1727 958 1769 a
978 1707 1048 1769 Cic.
1074 1709 1122 1770 Dc
1139 1720 1203 1772 nat.

4 1851 7 1856 -
102 1807 191 1868 deor.
206 1808 251 1885 11,
264 1807 297 1884 4,
313 1820 345 1870 ct
359 1809 410 1868 De
421 1805 521 1868 divin.
536 1806 581 1880 11,
599 1805 654 1883 35,
670 1803 838 1885 prolatum,
865 1825 924 1887 quo
939 1806 1008 1868 loon
1022 1825 1062 1868 cx
1077 1806 1206 1870 consilio

103 1927 159 1970 suo
173 1921 283 1970 contra
294 1910 440 1991 disputat,
455 1907 555 1989 ipsum
569 1906 692 1988 probat.
709 1905 815 1986 Neque
829 1906 889 1968 loci
901 1905 1102 1972 Cicemuiaui
1111 1907 1205 1987 legg.

103 2011 145 2084 ll,
159 2009 190 2084 9,
209 2009 268 2084 21,
283 2012 332 2072 Dc
346 2008 443 2072 divin.
462 2011 490 2085 1,
510 2007 566 2084 41,
583 2007 637 2083 92,
651 2005 759 2068 Valer.
777 2007 858 2068 Max.
877 2009 904 2081 1,
927 2007 958 2082 1,
971 2008 1001 2084 1,
1024 2009 1074 2070 cni
1089 2009 1210 2070 accedit

102 2106 168 2170 Lir.
195 2109 251 2183 IX,
279 2107 331 2184 36,
347 2105 439 2170 aliter
462 2105 563 2190 accipi
586 2117 736 2188 possuut3
770 2104 912 2186 inprimis
935 2119 1038 2168 autem
1058 2107 1209 2168 secundus

106 2226 147 2268 ex
160 2205 219 2266 his.
232 2207 311 2267 Nam
322 2223 448 2286 prorsus
463 2205 570 2286 inepte
580 2203 708 2268 dixisset
720 2203 844 2279 Cicero,
862 2204 1037 2268 decreuisse
1055 2215 1207 2277 senatum,
1237 2237 1242 2246 ·

9 2385 11 2392 Ι
101 2317 136 2366 ut
156 2304 331 2388 principum
350 2303 551 2366 Etruscorum
571 2300 629 2365 filii
642 2323 696 2367 sex
715 2302 843 2382 singulis
862 2302 1065 2366 &suecorum
1089 2305 1210 2388 populis

102 2401 264 2466 erudiendi
278 2403 559 2466 committerentur.
573 2401 638 2464 Cur
651 2401 736 2464 euim
746 2403 959 2475 traderentur,
977 2405 1030 2485 qni
1040 2401 1106 2484 jam
1118 2418 1210 2467 erant

102 2517 134 2566 et
148 2504 271 2566 Etrusci
283 2517 315 2566 et
328 2505 412 2565 iuter
425 2501 594 2566 Etruscos?
605 2505 711 2584 Neque
725 2502 809 2564 aliud
826 2502 921 2582 Legg.
935 2503 957 2565 l.
980 2521 1009 2564 c.
1030 2503 1207 2581 indicatur,

103 2602 243 2684 quamtis
256 2602 409 2684 superbe,
426 2613 462 2662 ut
479 2599 568 2675 solet,
590 2600 776 2682 obloquente
789 2600 969 2662 Goerenzio.
1001 2595 1089 2690 [Jam
1104 2601 1207 2680 legeu-

103 2705 160 2765 dus
174 2703 228 2784 qui
242 2713 341 2764 totam
354 2720 421 2763 rem
435 2701 583 2784 expendit
596 2701 633 2764 C.
649 2699 690 2764 0.
707 2699 850 2777 Mueller,
862 2698 897 2760 in
910 2698 993 2762 libro
1006 2701 1044 2762 de
1058 2702 1209 2777 Etruscis,

103 2807 167 2868 vol.
183 2807 223 2880 Π,
236 2805 308 2867 init.
323 2805 424 2888 Quem
435 2803 507 2866 vide
520 2803 616 2864 etiarn
628 2805 667 2865 de
676 2802 819 2885 proxime
829 2801 1038 2882 sequentibus,
1048 2803 1143 2866 variis
1153 2799 1205 2894 ll]

144 2903 229 2985 Quin
255 2905 364 2966 Festus
392 2907 442 2979 (r.
474 2899 626 2984 stimules)
649 2902 683 2963 iu
707 2898 870 2963 ritualibus
893 2901 1094 2964 Etruscorum
1120 2900 1210 2964 libris

103 3000 253 3080 scriptum
265 3001 329 3062 es'se
346 2997 403 3073 ait,
427 3025 441 3056 e
463 3016 523 3079 quo
537 2996 601 3059 ritu
620 2999 796 3061 condantur
815 2997 920 3070 urbes,
940 3013 1003 3059 are
1024 3000 1149 3061 et'aedes
1163 3019 1209 3062 sa·

104 3109 245 3173 crentur,
263 3117 325 3178 qua
340 3098 504 3162 sanctitate
524 3096 618 3173 muri,
634 3113 694 3176 quo
709 3097 781 3176 jure
794 3107 905 3179 portae,
923 3098 1075 3178 quomodo
1093 3096 1209 3168 tribus,

104 3199 217 3272 curie,
230 3200 380 3266 centuriae
392 3199 629 3270 distribuantur,
641 3198 796 3260 exercitus
806 3196 1048 3271 constituantur,
1065 3197 1209 3261 ordinen-

105 3312 175 3374 tur,
201 3311 366 3381 ceteraque
381 3296 529 3381 ejmmodi
550 3307 581 3357 et
595 3295 635 3356 ad
649 3293 766 3357 bellum
788 3307 821 3357 et
843 3313 952 3376 pacem
972 3295 1203 3377 pertinentia.»

104 3393 145 3454 Et
167 3393 294 3458 Servius
309 3397 349 3459 ad
362 3395 451 3474 Vir-g.
471 3393 541 3454 AEu.
557 3391 610 3464 111,
628 3392 701 3454 att·
721 3392 807 3466 Vlll,
830 3390 904 3466 398,
923 3391 1067 3474 inprimis
1079 3411 1156 3454 vero
1170 3392 1210 3452 ad

106 3493 134 3562 Ι,
147 3491 223 3564 122,
243 3511 284 3556 ex
304 3495 436 3554 Etrusca
453 3489 617 3572 disciplina
630 3489 737 3565 relect,
754 3487 847 3554 urbm
858 3491 919 3554 rite
933 3490 1074 3552 conditas
1088 3507 1152 3550 nou
1165 3488 1210 3550 vi·

105 3592 185 3666 deri,
201 3594 303 3658 uisiiu
318 3594 427 3677 quibus
440 3605 506 3656 tres
517 3605 626 3674 porte,
643 3592 728 3667 Jovi,
745 3593 863 3656 lunoni
876 3604 908 3655 et
922 3591 1082 3668 Minorem,
1104 3609 1209 3655 conse·

104 3707 283 3756 crareutur.
295 3695 384 3758 cont.
397 3691 560 3758 Censorio.
573 3709 603 3754 c.
616 3692 667 3768 tt,
678 3711 710 3773 p.
725 3689 778 3765 83,
795 3695 845 3754 ed.
861 3693 1011 3771 Harerc.;
1024 3692 1096 3754 add.
1108 3711 1138 3754 c.
1155 3693 1207 3766 ll,

105 3813 137 3874 p.
154 3793 206 3856 50.
221 3796 366 3860 Videmus
381 3795 492 3876 igitur,
511 3813 602 3877 quam
621 3793 684 3856 late
699 3793 739 3856 ad
751 3795 893 3858 Romana
910 3793 994 3878 jura,
1010 3795 1065 3857 sed
1086 3815 1150 3859 uon
1171 3795 1210 3858 ad

107 3902 201 3968 artes,
222 3892 380 3970 literasre,
407 3893 571 3978 disciplina
588 3891 789 3955 Etruseorum
802 3895 951 3976 patuerit.
966 3895 1071 3961 Unum
1083 3892 1210 3975 adjicie-

106 4012 191 4056 must
212 3994 238 4057 si
254 3995 500 4078 veraciusque
519 3998 558 4059 de
571 4005 751 4080 portentosa
763 4015 884 4058 moram
901 3995 982 4079 apud
995 3991 1142 4058 Etruscos
1155 3992 1211 4052 im·

105 4090 242 4174 puritate
255 4113 296 4156 ex
314 4094 429 4156 Timeo
448 4091 627 4157 referuumr
641 4093 722 4176 apud
736 4093 919 4156 Atheuoeum
932 4092 1014 4167 rut,
1032 4111 1063 4172 p.
1081 4089 1156 4160 517,
1171 4085 1207 4159 E,

84 4187 252 4260 ,mirabile
270 4189 382 4267 rideri,
406 4192 486 4273 quod
498 4190 590 4272 hujus
607 4190 719 4266 ruinae,
738 4190 877 4270 quamvis
890 4187 1032 4250 facilibus
1045 4187 1085 4246 ad
1099 4182 1210 4246 vitiosa
1313 4191 1319 4203 '

109 4288 349 4356 adolescentium
365 4291 512 4372 ingeniis,
524 4311 582 4373 per
593 4302 725 4372 quatuor
734 4287 851 4350 secuta-
860 4307 900 4348 ne
910 4285 1074 4362 vestigium
1088 4285 1210 4369 quidem
1332 4332 1335 4338 .
