2916 4838
603 395 673 466 395

418 617 562 693 131913
592 622 633 694 C.
663 621 855 696 Antonius»

131 801 171 866 C.
189 800 341 865 Antonius
354 801 516 868 Ciceronis
527 802 585 864 luit
598 801 716 881 collega
729 803 762 863 iu
781 801 940 866 consulatu
954 819 984 862 a.
1000 793 1072 864 690.

136 896 291 964 Asconius
300 901 343 965 ad
352 899 421 966 Cic.
444 901 534 966 Orat.
549 903 584 963 in
599 911 671 979 tege
692 900 824 964 candos
838 913 949 966 eontra
962 900 999 965 C.
1017 897 1188 962 Antonium

91 1009 128 1058 et
139 1000 176 1060 L.
188 997 356 1062 Catilinam
367 1020 399 1081 p.
417 1000 455 1064 95
466 999 520 1062 ed.
536 996 655 1062 Orelli:
673 997 754 1060 Huic
763 997 900 1060 crationi
913 993 1116 1060 Ciceronisct
1129 996 1188 1056 Ca·

94 1093 186 1158 tiliua
201 1109 233 1158 et
244 1099 397 1160 Antonius
409 1096 629 1158 contumeliose
643 1097 888 1178 responderunt·
905 1095 985 1176 quod
997 1094 1094 1155 solum
1103 1102 1188 1176 pote·
1273 1145 1275 1148 .

93 1205 178 1272 rant,
194 1195 312 1258 invecti
330 1195 365 1258 iu
384 1193 554 1280 ιιοιίιιιιιιιιι
567 1192 643 1276 ejus.
666 1194 824 1252 Feruntur
835 1211 950 1280 qnoque
963 1194 1115 1251 orau'ones
1136 1210 1189 1250 nc·

94 1286 312 1381 mineillorum
326 1294 429 1368 edimur
445 1312 506 1352 non
516 1290 579 1350 ob
566 1311 641 1372 spots
652 1297 787 1370 scraptae
805 1292 860 1350 sed
871 1289 912 1350 ab
928 1287 1079 1352 Cremna
1094 1287 1191 1382 obtre-

95 1351 271 1462 emtoribus
287 1409 362 1470 quas
373 1387 479 1452 neseio
492 1409 533 1448 an
550 1385 646 1450 satius
656 1381 697 1450 sit
707 1377 863 1468 ignorare

128 1511 240 1562 οιαιίοιιι
236 1507 294 1561 't'cC
270 1509 391 1578 uermes]
411 1527 489 1583 quam
506 1526 530 1562 a
547 1507 846 1564 auctoritatatem
859 1509 1044 1582 competitores
1051 1504 1115 1560 ullos
1126 1525 1191 1560 con·

165 1614 197 1648 su
199 1595 255 1648 latu
237 1615 278 1650 us.

136 1714 214 1775 Est
205 1713 301 1792 agitur
311 1711 483 1818 probabile,
502 1683 605 1776 locum
623 1729 661 1774 ex
682 1708 824 1774 oratione
838 1711 968 1773 Antonii
983 1724 1094 1778 contra
1103 1713 1190 1780 Cice·
1218 1711 1286 1786 188

95 1829 205 1872 sonem
216 1822 381 1890 sumptum
396 1805 450 1890 qui
466 1809 691 1892 aQumtrlrano
703 1808 761 1882 IX
779 1808 810 1882 3,
826 1806 878 1878 94,
894 1808 1049 1884 laudatur,
1069 1823 1190 1892 partem

95 1931 163 1974 csse
172 1909 253 1974 ficte
261 1909 342 1984 illius
352 1907 481 1981 Antonii
491 1908 653 1976 orationis.
666 1911 736 1993 Qua
744 1912 782 1974 de
793 1929 829 1972 re
840 1909 971 1986 erudite,
984 1924 1017 1973 at
1026 1911 1191 1994 malignius

98 2013 131 2072 in
141 2009 369 2093 Quintilianum
384 2011 550 2094 disputavit
561 2011 731 2090 Madvigius
744 2012 792 2072 De
807 2009 940 2094 Asconio
952 2029 985 2091 p.
1000 2012 1053 2074 75.

138 2108 237 2170 Locus
258 2108 446 2191 Quintiliani
467 2109 519 2170 bic
537 2121 583 2170 est
597 2129 605 2167 ι
621 2117 801 2192 ιιροσιπόιοσιι
820 2107 907 2183 dicit,
933 2125 1000 2189 que
1014 2121 1047 2170 ut
1058 2110 1192 2176 maxime

96 2219 238 2278 seruetur
261 2229 336 2273 sane
359 2209 393 2272 iu
417 2207 563 2291 pluribus¹
581 2207 757 2292 propositis,
783 2209 854 2290 quia
876 2221 929 2273 tut
945 2205 1192 2290 siugulisstatim

95 2310 179 2376 ratio
196 2307 392 2392 subjicimur,
410 2323 445 2372 ut
459 2323 506 2374 est
520 2312 602 2393 apud
617 2310 654 2373 C.
676 2312 847 2372 Antonium
860 2336 869 2371 ε
883 2309 948 2370 Sed
957 2331 1054 2394 neque
1066 2332 1191 2374 accusa.

95 2417 192 2472 torem
211 2427 281 2470 eurn
301 2422 413 2481 metuo,
428 2411 480 2492 qui
501 2427 568 2472 sum
594 2411 737 2466 innocens
744 2435 760 2485 ,-
780 2419 875 2489 nepue
886 2412 1119 2487 competitorem
1139 2429 1193 2470 ve·
1252 2455 1256 2464 ,

93 2527 179 2580 reor,
190 2512 243 2591 qui
253 2520 321 2568 sum
336 2508 489 2568 Antonius
496 2530 512 2582 ,·
526 2525 624 2589 neque
637 2505 797 2566 consulem
810 2521 912 2582 sparo,
931 2510 986 2588 qui
1000 2521 1048 2568 est
1069 2507 1187 2570 Cicero.

347 2681 516 2753 ιινιιι.
543 2682 585 2750 ι.
613 2677 954 2790 sagittantium
1031 2653 1036 2786 [

140 2855 311 2924 Ferebatur
328 2859 383 2922 sub
401 2861 468 2946 ejus
480 2847 604 2924 nominc
625 2857 725 2924 oratio
738 2859 884 2922 adversus
894 2859 1078 2926 Ciceronem
1094 2857 1190 2944 dicta,

1 2955 2 2982 ³
96 2959 187 3048 ,cujus
199 2973 414 3038 argumentum
432 2957 466 3022 in
487 2950 648 3044 superiore
666 2971 796 3030 ,oratore
818 2961 1030 3024 tractavimus.
1060 2953 1193 3048 [Recen-

99 3056 175 3120 tiori
186 3076 251 3119 aevo
271 3053 350 3118 fictae
368 3070 439 3121 sunt
459 3055 526 3118 duae
538 3061 731 3138 'responsiva’
754 3053 914 3118 incertiore
942 3061 974 3116 in
991 3053 1191 3136 Ciceronem,
1322 3056 1325 3067 ’

101 3155 216 3240 φιωάιι
236 3157 375 3222 Sallustii
389 3161 439 3220 ed.
457 3158 649 3224 Ascenciana
669 3155 767 3238 Lugd.
783 3159 875 3234 1519,
889 3158 929 3232 t,
948 3173 1072 3223 exstare
1087 3159 1194 3224 dicun·

101 3247 165 3316 tur.
183 3255 323 3339 Alteram
334 3251 439 3318 Const
456 3248 842 3318 FeliciusDurantiussuae
853 3250 893 3317 de
908 3251 1120 3348 conjuratione
1138 3258 1194 3322 Ca·

102 3351 239 3419 tilinaria
252 3353 427 3434 narrationi
445 3355 587 3430 inseruit,
606 3375 637 3438 p
658 3353 710 3420 93·
714 3357 782 3421 97·
774 3377 806 3417 ιιι
826 3351 968 3418 Sallustio
987 3339 1196 3436 Cortiauo,e

1 3441 2 3454 ¹
104 3441 173 3518 cod.
200 3473 269 3517 saec.
294 3449 361 3521 XV
370 3454 468 3519 edidit
488 3455 676 3538 schoettgen.
697 3453 854 3520 Analectt.
883 3471 922 3518 ex
936 3447 1020 3519 omni
1011 3455 1197 3524 meliorum

96 3537 166 3614 litt.
187 3568 301 3630 genere
317 3551 412 3636 (Lips.
429 3553 537 3638 1725)
544 3553 606 3617 vol.
624 3551 670 3626 ΙΙ,
687 3575 719 3635 p.
736 3553 807 3616 411
808 3549 859 3615 52
876 3553 965 3616 Conl.
978 3553 1016 3614 F.
1043 3557 1080 3615 A
1099 3553 1194 3662 Woli

104 3651 146 3712 ad
158 3645 226 3714 th
240 3649 329 3714 Orat.
345 3670 403 3734 pro
414 3651 605 3735 Mareellop
623 3650 723 3714 XXX
745 3644 933 3736 Wesrsrm.]

232 3830 348 3902 LXIX
374 3848 409 3903 et
435 3830 547 3904 LXX.
575 3830 725 3916 Metelli,
752 3829 864 3906 Celer
887 3845 921 3902 et
946 3831 1076 3927 Nepos.

150 4006 222 4069 'Oica
246 4009 331 4070 urat.
348 4022 379 4072 c.
402 4009 452 4084 70,
477 4009 537 4072 217
561 4010 784 4075 :Duoblotslli
820 3997 964 4073 Celeret
986 4011 1099 4092 Nepos,
1120 4009 1201 4076 nihil

106 4108 154 4168 in
162 4105 264 4170 musis
275 4107 485 4183 uersati,‹'noc
496 4110 566 4172 siue
576 4110 706 4191 iugenio
714 4131 773 4175 aec
783 4108 912 4186 indocti,
930 4110 990 4171 bos
1002 4119 1094 4170 erem
1105 4126 1199 4193 popu·
1244 4129 1246 4132 ⁴

103 4199 317 4283 hus'diospdi
329 4211 427 4284 ganbs
438 4202 581 4273 morit
618 4225 622 4233 ·
653 4252 655 4260 ,

997 4318 1032 4384 ³9
