2904 4840
775 345 841 416 100

255 492 405 564 perpetua
421 481 664 546 versificatorem
681 494 714 545 et
733 482 975 548 declamatorum
990 479 1137 552 materia,
1160 489 1270 541 contra
1286 478 1356 540 bare
1434 508 1439 517 ·

256 581 338 644 mala
356 581 513 656 valebant,
534 581 648 666 quippo
662 601 733 646 eam
747 601 785 645 eo
799 583 866 665 ipso
891 582 1093 646 coherentes.
1115 579 1195 640 Nam
1215 575 1263 638 bis
1276 567 1354 658 ipsis

255 678 491 744 recitationibus
505 680 539 744 in
552 699 639 744 usum
651 681 756 754 venit,
775 693 825 756 ut,
846 681 899 762 qui
917 679 990 742 novi
1003 676 1107 740 videri
1119 673 1253 746 vellent,
1273 691 1315 736 ne
1333 693 1354 736 a

254 765 386 844 morosis
394 777 551 861 judicibus
563 777 826 862 improbarentur,
844 778 1010 842 verborum
1025 775 1180 848 acumina,
1190 772 1306 836 fractas
1320 787 1354 835 et

255 876 394 940 concisas
407 875 587 950 sententias,
604 895 752 939 enervem
769 877 1025 960 compositionem
1039 883 1214 956 captarent,
1226 870 1289 933 imo
1298 889 1354 933 vo·

254 973 365 1036 cabula
374 969 572 1056 jampridem
583 973 743 1055 antiquata
755 975 805 1038 vel
814 974 887 1038 solis
897 974 996 1058 poetis
1007 989 1157 1036 concessa
1166 987 1289 1032 rursum
1304 967 1353 1032 in·

254 1073 415 1136 ducerent.
427 1075 519 1136 llunc
530 1071 672 1136 morbum
683 1073 778 1138 etiam
789 1074 993 1138 maximorum
1003 1069 1157 1144 nonnulli,
1171 1080 1205 1130 ot
1214 1069 1350 1144 Tacitus,

253 1189 317 1234 non
330 1171 521 1236 devitarunt.
544 1175 645 1234 Erant
658 1184 762 1236 tamen
777 1174 831 1236 alii
845 1174 984 1255 quidam,
1002 1189 1066 1234 non
1081 1166 1256 1250 multi,.qui
1270 1168 1352 1230 anti·

253 1287 383 1350 quarm
397 1269 531 1333 lectione
542 1268 691 1332 innutriti
703 1288 767 1331 susc
778 1271 877 1332 astatis
886 1269 965 1333 vitia
974 1264 1201 1346 intelligerent,
1212 1277 1244 1327 et
1256 1284 1354 1346 qaeu·

254 1379 319 1430 tum
327 1387 385 1451 per
395 1386 448 1430 eos
456 1366 570 1441 stabat,
581 1362 767 1431 devitarent.
781 1369 850 1430 Nou
861 1366 1032 1449 opusestC.
1041 1364 1177 1426 Plinium
1187 1363 1350 1438 minorem,

254 1481 286 1532 et
294 1467 349 1549 qui
357 1468 391 1528 in
400 1466 518 1547 majore
525 1465 725 1550 simplicitate
736 1467 848 1531 tersior
855 1479 913 1542 est,
923 1469 964 1529 M.
977 1463 1103 1527 Fabium
1110 1461 1350 1547 Quintilianum,

252 1564 360 1629 multis
372 1566 510 1630 laudare.
527 1567 626 1632 Recte
639 1569 718 1632 hiet
731 1571 841 1633 borum
859 1567 973 1631 similes
986 1562 1060 1628 solis
1075 1564 1235 1628 veteribus
1252 1578 1354 1629 orato·

252 1689 323 1731 rum
337 1687 453 1731 nomen·
464 1669 645 1734 tribuebant
664 1669 766 1756 (Dial.
788 1673 827 1734 de
846 1683 940 1736 oratt.
955 1691 986 1734 c.
1001 1669 1030 1744 1,
1047 1667 1119 1730 coll.
1134 1666 1185 1743 14,
1199 1667 1270 1751 15),
1291 1687 1356 1732 sure

254 1767 354 1830 aetatis
366 1767 542 1832 hominihus
554 1771 629 1834 satis
641 1771 770 1835 honoris
783 1791 859 1846 esse,
876 1770 904 1832 si
916 1767 1025 1832 diserti
1044 1780 1076 1832 et
1094 1765 1244 1835 causidici
1261 1785 1355 1830 voca·

251 1882 377 1944 rentur,
392 1870 616 1933 existimantes.
631 1873 672 1935 Et
686 1869 856 1936 causidicos
870 1883 955 1934 recte
971 1869 1098 1943 dixeris,
1116 1866 1226 1952 quibus
1239 1879 1354 1949 praeter

254 1985 360 2029 causas
374 1965 613 2029 centumvirales
629 1980 662 2030 et
680 1969 908 2032 accusationem
923 1966 1173 2030 defensionemve
1191 1964 1226 2025 in
1244 1977 1355 2026 senatu

242 2062 334 2146 ,nihil
348 2064 502 2147 reliquum
517 2078 598 2130 erat.
616 2067 705 2132 Conl.
724 2069 807 2146 Dial.
822 2089 850 2131 c.
865 2067 918 2143 38,
934 2067 1016 2129 Plin.
1029 2069 1109 2149 Epp.
1126 2067 1152 2140 l,
1165 2067 1201 2138 ὃς
1219 2062 1276 2140 1x,
1292 2063 1353 2140 233

253 2165 294 2238 ll,
321 2163 395 2225 rt*
422 2166 482 2230 Sed
500 2168 592 2249 longe
609 2158 742 2250 plurima
761 2168 946 2230 disertorum
960 2179 992 2230 ct
1006 2167 1249 2230 declamatorum
1263 2185 1352 2248 pars,

187 2279 189 2289 ’
254 2285 326 2328 suas
338 2265 444 2329 laudes
458 2267 539 2329 mira
553 2267 733 2346 arrogantia
744 2268 927 2349 praedicans,
939 2278 1061 2329 tanturn
1073 2266 1160 2343 afuit,
1173 2278 1208 2326 ot
1216 2284 1283 2327 sese
1292 2260 1355 2326 illis

255 2363 393 2445 antiquis
406 2365 517 2426 cedere
532 2363 716 2440 faterentur,
735 2378 769 2426 ut
786 2377 852 2428 sese
865 2366 946 2428 solos
960 2377 1067 2428 acrrtos
1081 2385 1158 2437 esse,
1172 2360 1253 2426 solos
1273 2360 1355 2426 bene

254 2463 414 2540 invenire,
439 2465 608 2541 collocare,
632 2485 726 2546 agere
746 2466 1002 2549 pronuntiarent3
1026 2477 1148 2528 veteres
1166 2460 1358 2525 inveniendo

255 2557 391 2643 ineptos,
408 2559 518 2652 longos
537 2575 569 2647 et
586 2561 698 2625 otiosos
710 2563 745 2624 in
758 2564 947 2639 enarrando,
967 2561 1071 2624 verbis
1090 2558 1243 2634 horridos,
1265 2571 1355 2638 gestu

255 2651 409 2744 antiquos,
421 2663 574 2727 obsoletos
584 2675 616 2725 et
627 2661 871 2748 poeuebarbaros
881 2659 1124 2744 dicerentlDial.
1137 2659 1351 2737 ctam-m,
1448 2677 1450 2688 ⁴

255 2760 377 2822 Seneca
393 2757 477 2842 Epit.
491 2759 643 2823 Controv.
660 2759 718 2822 lib.
737 2762 796 2835 lll,
815 2781 847 2844 p.
861 2761 950 2846 399.)
971 2756 1303 2843 lthuintilianule,
1320 2758 1351 2832 l,

259 2855 337 2932 1423
353 2857 410 2928 lll,
427 2859 455 2933 1,
470 2860 522 2931 563
537 2855 618 2930 3,13
630 2867 663 2917 'et
675 2858 727 2930 57,
740 2857 824 2918 Dial.
839 2879 867 2920 c.
881 2858 935 2930 26,
947 2853 1158 2938 turpissimum
1168 2873 1206 2916 eo
1216 2866 1354 2936 tempore

255 2967 374 3034 gestum
389 2968 422 3018 et
434 2957 640 3026 scenicorum,
654 2954 761 3035 quales
770 2967 846 3020 tunc
859 2969 963 3034 crant,
977 2956 1112 3018 lasciviae
1124 2953 1354 3018 similem-fuisse

255 3063 422 3114 testantur.
438 3052 499 3116 Sed
511 3053 602 3133 vigor
611 3048 713 3115 virilis
726 3065 758 3114 et
769 3053 850 3116 recti
862 3073 967 3116 sensus
981 3053 1184 3135 plurimorum
1194 3053 1355 3115 hominurn

256 3149 410 3213 rnendbns
423 3151 501 3214 adeo
516 3149 693 3228 effluxerat,
714 3164 748 3214 ut
766 3171 857 3235 quem
878 3151 1060 3234 eloquentiae
1073 3151 1220 3235 princeps
1233 3151 1307 3212 olim
1322 3151 1354 3212 in

257 3267 353 3310 scona
367 3267 512 3328 regnare,
528 3261 561 3312 et
574 3246 700 3314 disertis
717 3250 860 3314 omnibus
878 3252 1018 3334 exemplo
1041 3269 1107 3312 esse
1128 3250 1351 3330 pronuntiavit,

256 3347 417 3424 Roscium,
443 3369 512 3412 cum
534 3351 679 3414 Ambivio
701 3352 858 3435 Turpione
879 3361 1098 3435 compararent
1120 3346 1222 3430 (Dial.
1240 3371 1269 3412 c.
1287 3349 1352 3434 20).

257 3448 342 3529 Quin
356 3449 395 3509 ad
408 3444 651 3528 antiquissimos,
669 3466 744 3530 quos
759 3461 920 3532 tantopere
934 3446 1159 3529 despiciebant,
1177 3447 1281 3510 neseio
1295 3465 1355 3528 quo

256 3559 347 3626 pacto
362 3545 478 3627 delapsi
488 3558 570 3621 sunt,
583 3559 618 3609 ut
628 3546 677 3609 bis
690 3543 806 3611 similes
818 3546 873 3607 uni
887 3541 975 3626 operi
990 3544 1211 3606 declamatorio
1226 3544 1353 3617 intenti,

292 3908 304 3934 *
324 3907 362 3956 De
375 3905 426 3958 hoc
441 3902 537 3976 judicii
551 3920 579 3960 et
596 3925 734 3960 causarum
755 3925 850 3977 genero
864 3925 890 3957 v.
905 3915 999 3977 praeter
1012 3905 1109 3959 Polleti
1123 3906 1193 3958 llist.
1208 3903 1259 3956 fori
1274 3905 1356 3958 Rom..

256 3991 304 4056 111,
319 3994 360 4055 13,
378 3993 419 4056 ll,
432 3992 557 4046 insertam
569 3993 706 4047 Poleniani
719 3991 845 4045 Thesauri
855 3993 907 4045 vol.
923 3993 945 4056 l,
961 3991 1099 4064 Sigonium
1109 3995 1146 4045 De
1157 3989 1267 4062 judiciis
1276 3991 1312 4057 ll,
1325 3992 1351 4043 in

255 4079 431 4132 ThesGraev.
443 4079 497 4133 rol.
511 4080 545 4146 lt,
561 4099 588 4150 p.
607 4082 685 4143 1111,
696 4091 723 4132 ct
737 4078 859 4132 Siccamae
878 4077 963 4133 libell.
980 4080 1019 4132 Dc
1035 4080 1174 4131 Centumr.
1185 4076 1299 4150 judicio,
1314 4076 1354 4129 ib.

255 4181 282 4231 p.
302 4166 367 4217 isat
382 4181 441 4236 sqq.
