2954 4840
719 333 785 408 394

234 517 316 562 alitsre
327 521 432 564 Cicerone
441 525 581 566 eoastituitur
691 539 711 565 ιι
742 571 745 576 Ι

203 597 322 640 Censorem
331 597 402 641 officia
413 598 523 658 pleraque,
535 603 556 642 in
566 601 653 644 Colonia

234 688 300 721 orett.
311 679 415 723 censoriis
424 680 576 725 describuntur
615 698 643 739 η
652 707 674 717 -
688 685 715 726 ie

200 765 291 797 censura
302 770 315 797 ι
327 755 465 814 Symmacho,
477 769 571 812 oretum,
584 767 646 818 repu'·

235 836 305 886 diets,
675 843 717 888 ros

205 914 281 957 citeris
688 920 717 974 69

204 995 310 1040 ctaudiur
319 1008 340 1041 et
348 999 447 1043 Calidius
454 1001 544 1044 contusa
557 1021 561 1043 ι
572 1002 605 1044 sin
614 1003 654 1044 mi·

236 1091 285 1130 nus,
300 1088 358 1121 estne
371 1080 393 1121 in
408 1079 473 1123 Nonii
488 1079 537 1123 loco
550 1079 656 1124 Claudius

234 1159 528 1217 imperatorintelligendus?
675 1167 716 1220 167

203 1237 258 1281 uliva
688 1244 716 1286 6³

204 1319 294 1376 coepiam

202 1395 270 1438 collos

201 1475 348 1533 compluriens

204 1554 312 1597 conscribi
324 1555 365 1597 sub
378 1557 468 1613 flegrum

202 1630 334 1674 consiliosus

203 1708 333 1752 consolabar
342 1712 427 1768 paasive

203 1784 301 1830 Cornelii
312 1787 402 1843 Nepotis
416 1787 470 1830 vita

202 1867 292 1910 damnat
301 1878 354 1914 esto.

202 1949 277 1992 datare

202 2031 235 2074 De
245 2031 349 2074 Divertio

202 2104 321 2148 demolitur

203 2190 239 2231 die
252 2191 345 2246 proximi

203 2263 356 2322 disciplinetur

201 2344 314 2387 dissertare

204 2421 312 2466 duritudo

201 2492 265 2558 eapse

201 2581 271 2636 ecquis
281 2590 302 2623 et
313 2585 387 2638 etquis

202 2662 287 2704 evectio

203 2752 345 2799 exauguratus

204 2831 291 2880 experta
302 2825 386 2879 passive

202 2900 254 2940 fami

200 2979 314 3022 Favonius
322 2989 344 3021 et
352 2981 537 3024 Favorinusconi.
676 2985 715 3027 rbi

200 3058 252 3102 fitur
632 3065 670 3118 3²,
688 3066 716 3109 ³5

200 3135 325 3192 fulgurator
688 3145 716 3186 ii

201 3215 264 3259 hasta
275 3217 376 3261 donatica
692 3224 716 3266 18

201 3293 355 3338 haudecioau
616 3303 654 3353 ἐι,
675 3315 715 3344 ιιι

202 3373 276 3416 bonor
286 3373 350 3432 pejor
675 3382 715 3437 137

200 3453 280 3498 horrea
676 3467 715 3518 rb7

203 3530 369 3587 imperiebiliter

203 3610 307 3668 ludigites

200 3691 342 3745 iudustriior,
351 3704 374 3736 ut
386 3696 497 3738 innoxiior
519 3705 523 3714 '

200 3766 316 3811 inserendo

202 3856 260 3900 inter
271 3861 296 3888 os
307 3856 372 3905 etque
380 3848 444 3891 ollam

202 3926 236 3966 isti
248 3937 288 3982 pro
300 3925 361 3967 istius

203 4002 257 4046 tutti
278 4005 366 4048 Coesaris
385 4015 496 4062 questura
516 4017 599 4068 tempus
619 4009 652 4051 in·

232 4093 314 4127 eertum
675 4091 713 4134 183

199 4165 277 4218 Juuius
289 4165 430 4211 Greoebeuus
447 4183 491 4212 nou
507 4169 562 4212 idem
577 4181 608 4215 est
624 4179 655 4213 at·

816 545 858 589 que
866 535 946 579 lunius
957 539 1044 584 Pennus

816 611 894 670 largire
910 631 950 673 pro
960 617 1037 676 lergiri
1046 623 1083 667 δι.
1097 636 1120 666 ιιι
1131 625 1236 669 iruatrsre

818 695 869 737 itta.
883 696 938 740 solui
949 712 990 757 pro
999 699 1075 746 solitus
1085 717 1132 747 sum

784 776 818 818 ier
826 773 915 818 AEmilia
924 777 1004 822 incerte

782 839 816 896 lex
827 853 903 898 Aulela
912 857 993 900 ineerta

782 928 816 973 lex
828 931 899 976 Besbia
923 971 926 976 .

783 1011 816 1055 les
827 1013 911 1058 Licinia
921 1018 1004 1060 incerta

861 1116 891 1125 -
968 1096 1056 1152 quando
1065 1096 1092 1139 sit
1101 1097 1143 1139 lata

783 1163 816 1207 ler
825 1165 892 1210 ιΙιιιιίιι
901 1169 983 1212 inoe'rts

762 1247 764 1252 '
781 1239 814 1282 le'x
827 1241 909 1286 Orchia
986 1287 988 1292 ,

784 1317 818 1362 lea
829 1319 926 1364 Voconio
937 1323 1026 1380 quendo
1035 1326 1063 1368 sit
1074 1324 1118 1368 lata

704 1431 708 1440 .
784 1396 843 1439 litem
855 1411 915 1441 suam
926 1398 996 1442 iecere

785 1476 841 1520 Livii
851 1480 962 1521 orationes

784 1554 858 1597 Livius
872 1566 893 1600 et
908 1557 986 1602 Cicero
1002 1559 1027 1603 in
1046 1563 1112 1605 rebus
1125 1562 1235 1607 historicis

817 1647 863 1676 non
884 1635 969 1677 eosdem
992 1647 1092 1682 auctores
1114 1615 1253 1698 sequuntur⁵

820 1729 855 1757 ιι.
874 1715 947 1759 itidem
955 1725 1031 1761 auctor
1043 1719 1102 1762 Diei.
1113 1719 1141 1762 de
1148 1729 1214 1763 oratt.
1222 1736 1235 1762 a

815 1802 1016 1845 Cicerourdiaeedit
1253 1810 1294 1862 ¹⁴7

786 1876 816 1918 ld.
827 1876 922 1919 Licinius
931 1877 1020 1919 Crassua
1032 1878 1147 1920 Mucianam
1156 1893 1234 1937 corpus

814 1958 928 1994 oratorum
937 1949 1007 1993 edidit
1257 1970 1298 2013 ¹9⁰

785 2027 918 2084 magnificius
1196 2031 1233 2084 86,
1255 2035 1296 2073 ιι6

785 2105 886 2148 Manilius
896 2115 917 2148 et
928 2106 1025 2149 Manlius
1032 2106 1195 2150 confunduntur
1254 2110 1297 2152 136

784 2182 935 2228 maledictores
1266 2203 1295 2243 7²

784 2262 953 2308 mediocriculus
1150 2248 1160 2258 ’
1266 2270 1295 2324 73

787 2339 885 2386 Messalla
901 2341 1008 2385 Corvinus
1025 2343 1057 2384 De
1073 2346 1175 2401 progenie
1192 2346 1233 2387 Au-

815 2423 871 2480 gusti
1216 2445 1219 2457 ·
1271 2430 1299 2468 rt

787 2501 885 2547 Metellus
896 2500 946 2562 (Q.)
962 2504 1116 2547 Macedonicus
1128 2514 1148 2546 et
1161 2504 1236 2546 ttumt-

816 2583 878 2628 dicus
887 2584 914 2626 eb
924 2583 1079 2642 interpretibus
1087 2584 1172 2626 consuti
1270 2591 1299 2641 95

784 2665 877 2723 mihipte
1271 2668 1299 2709 ⁸6

784 2745 856 2788 millus
1258 2751 1299 2791 10³

783 2823 897 2868 molstrine
1270 2840 1296 2867 ιι

784 2923 855 2956 mores
876 2914 967 2956 Romani
983 2915 1004 2954 in
1026 2913 1162 2955 orationibus
1180 2913 1235 2955 Airi-

817 2995 866 3035 oaui
879 2995 981 3044 minoris,
997 2993 1022 3035 C.
1038 2991 1143 3046 Gracchi,
1155 2991 1236 3036 hietelli

816 3073 928 3117 Numidici
937 3081 958 3116 et
968 3074 993 3116 C.
1005 3073 1057 3116 Titii
1067 3074 1148 3130 optime
1158 3073 1236 3115 descri-

815 3148 896 3190 buntur
969 3149 1019 3201 roi,
1040 3149 1091 3203 roi,
1112 3161 1163 3201 rar,
1184 3149 1234 3202 137,
1256 3149 1297 3190 158

784 3227 918 3274 multifacere
1269 3243 1295 3271 re

783 3308 907 3352 munificior
1267 3308 1297 3351 86

770 3386 893 3429 'muscillos
1269 3386 1297 3428 8⁵

782 3473 852 3506 musta
862 3477 916 3520 agn:
1268 3464 1296 3503 io

782 3545 882 3586 nuncium
1256 3546 1298 3586 ¹²5

783 3627 876 3670 netinari
1269 3625 1281 3664 8
1292 3628 1297 3662 i

781 3705 854 3747 nevite

782 3795 819 3836 ne,
833 3798 872 3825 nee

781 3859 919 3917 negibundus

782 3933 876 3992 negligo,
889 3934 969 3991 negligi

815 4010 917 4054 Eemdem
932 4011 1022 4069 perlecti
1037 4013 1129 4055 formans
1140 4011 1234 4056 Seluatio

815 4090 891 4134 tribuit
901 4089 996 4134 Oreliius
1007 4092 1030 4133 in
1041 4090 1098 4134 libro
1110 4105 1180 4150 nuper
1190 4091 1234 4134 edi·

816 4184 855 4216 to:
873 4176 898 4217 C.
915 4174 985 4231 Crispi
999 4172 1078 4216 Salutii
1092 4174 1200 4216 Orationes
1216 4182 1234 4214 et
