2954 4840
761 336 830 408 382

290 469 372 532 ibid.
389 473 407 553 ς
424 473 457 533 11
479 493 487 533 ι
504 470 559 536 hit
570 475 671 536 oratio
684 495 694 534 t
709 472 746 535 Si
756 479 844 554 prior
860 480 925 536 vita
940 476 1114 546 decesserit,
1132 476 1185 556 qui
1206 471 1352 531 άοιιαιιιηι

247 575 376 648 accepit.
1128 601 1132 608 ·

452 757 600 832 CXXV.
629 761 675 852 Q.
704 760 865 832 Aurelius
893 757 1138 859 Symmachus.

289 987 317 1048 is
331 986 410 1048 vixit
421 987 494 1051 inde
506 988 545 1051 ab
556 1009 640 1051 anno
649 989 778 1052 circiter
800 987 860 1051 350
873 999 941 1070 post
956 985 1112 1050 Christum
1125 983 1227 1064 (1102
1240 977 1279 1052 U.
1302 988 1350 1069 c.)

246 1092 390 1169 usquead
402 1089 465 1153 410
479 1091 627 1178 (116211.
641 1093 695 1178 c),
712 1091 820 1155 iisdem
833 1091 898 1156 lere
913 1089 1117 1172 temporibus,
1130 1085 1242 1170 quibus
1253 1089 1350 1148 nuso-

247 1189 328 1265 nius,
345 1187 532 1253 Prudentius
547 1206 578 1254 et
592 1190 781 1254 Claudianus
802 1201 909 1273 poetae.
926 1187 1041 1252 Consul
1055 1185 1113 1248 init
1130 1205 1200 1247 cum
1215 1181 1352 1248 Tatiano

246 1309 330 1352 anuo
340 1291 379 1356 U·
395 1291 490 1366 titt,
508 1312 539 1374 p.
553 1293 628 1358 Chr.
645 1291 718 1368 391,
733 1304 766 1353 ut
778 1312 816 1354 ex
824 1291 923 1352 Fastis
933 1287 1066 1352 Relandi
1082 1287 1233 1350 videmus.

287 1387 487 1451 Cassiodorus
512 1390 545 1452 in
566 1389 703 1452 Historia
727 1389 886 1472 tripartita
910 1387 966 1448 lib.
995 1387 1050 1457 tx,
1067 1383 1107 1447 23
1122 1403 1131 1445 t
1148 1385 1355 1469 Symmachus

246 1487 329 1548 inter
352 1501 511 1551 senatores
534 1489 707 1572 precipuus
727 1487 913 1563 habebatur,
935 1498 1064 1568 eratque
1084 1485 1218 1548 Romani
1237 1481 1353 1566 eloquii

246 1585 421 1647 eruditione
435 1582 600 1659 mirabilis,
614 1585 701 1668 cujus
715 1585 803 1647 multi
819 1603 938 1666 quoque
950 1581 1150 1665 reperiuntur
1166 1579 1248 1642 libri.

286 1683 428 1748 8⁰ch
442 1683 522 1749 11151,
540 1687 659 1751 Εο0188.
676 1707 708 1758 V,
733 1686 790 1748 lit
808 1702 937 1772 Σύμμαχος
950 1705 1044 1771 πρῶτος
1067 1697 1109 1770 μὲν
1125 1689 1153 1754 ἦν
1169 1702 1211 1754 τῆς
1231 1697 1253 1748 lt
1269 1693 1349 1764 Ῥώμῃ

244 1785 399 1856 συγκλήτου,
417 1786 561 1858 ι’θοιυμοὶζιτο
578 1785 606 1840 di
620 1787 659 1840 ἰπὶ
673 1785 799 1839 παιδιὺοιι
811 1790 889 1861 λόγων
907 1785 1056 1856 Ῥωμαϊκῶν·
1068 1783 1110 1836 καὶ
1125 1783 1174 1856 γὰρ
1190 1783 1255 1855 αὐτῷ
1268 1781 1352 1833 πολλοὶ

245 1882 313 1954 λόγοι
331 1886 543 1957 συγγιγραμμίνοι
556 1892 587 1954 τῇ
602 1885 726 1957 Ῥωμαίων
739 1886 836 1958 γλώσσῃ
850 1885 1003 1958 τυγχάνουσι.

286 1981 478 2066 Nicephorus
494 1981 575 2047 Hist.
590 1985 709 2048 Eccles.
727 2004 782 2059 xrs,
801 1985 836 2046 21
856 2007 864 2046 ι
882 1999 1010 2070 Σύμμαχος
1024 2001 1118 2066 πρῶτος
1130 1993 1162 2046 λιν
1177 2000 1219 2051 τῆς
1233 1994 1256 2044 ἐν
1267 1990 1348 2062 Ῥώμῃ
1447 2010 1450 2025 v

243 2080 378 2149 συγκλήτου
390 2081 476 2144 βουλῆς
490 2077 531 2132 διὰ
547 2084 667 2150 θαύματος
681 2075 708 2138 ἧι
722 2083 772 2140 τοῖς
785 2087 909 2152 πρυοοῦσιν
924 2084 990 2151 αὐτῷ
1008 2077 1123 2154 ἀγαθοῖς,
1140 2077 1246 2149 μάλιστα
1262 2069 1347 2143 δ’ἰπῃ·

243 2161 305 2212 utico
319 2161 359 2213 tet
372 2162 498 2215 παιδεύσει
517 2164 595 2236 λόγων
611 2164 759 2234 Ῥωμαϊκῶν.
776 2165 879 2224 Πολλοὺς
893 2164 942 2237 γὰρ
957 2163 999 2216 καὶ
1013 2166 1077 2236 ἄγαν
1090 2163 1199 2234 ἀρίστους
1222 2162 1306 2232 λόγους
1319 2164 1348 2226 τῇ

242 2260 348 2329 σφστίρᾳ
360 2260 457 2330 γλώσσῃ
472 2257 577 2320 liddam.

285 2347 425 2408 Maerob.
441 2346 570 2410 Saturn.
584 2367 616 2423 r,
635 2350 647 2409 1
669 2370 677 2408 ι
693 2349 833 2432 Quattuor
848 2361 921 2411 sunt
935 2367 1052 2429 genera
1068 2344 1191 2410 dicendi
1207 2365 1216 2406 ι
1240 2346 1348 2428 capio·

55 2457 62 2476 ·
146 2463 165 2481 ⁶
197 2447 200 2456 ¹
242 2460 321 2518 sum,
334 2444 369 2507 in
380 2464 441 2526 quo
455 2442 570 2509 Cicero
581 2447 893 2519 dominaturabrere,
910 2448 943 2508 in
960 2467 1019 2528 quo
1034 2440 1196 2509 Sallustius
1208 2454 1349 2523 reguat3

242 2538 369 2617 siceum,
387 2543 467 2624 quod
481 2541 632 2608 Frontoni
653 2541 859 2618 adscribitur3
881 2549 997 2623 pingue
1012 2557 1041 2602 et
1048 2538 1222 2622 floridum,
1241 2544 1345 2623 inquo

240 2646 359 2710 Plinius
373 2649 711 2732 secundusquoddam,
732 2661 764 2712 et
776 2670 860 2713 nunc
871 2651 955 2714 nullo
968 2661 1111 2712 veterum
1125 2649 1229 2710 minor
1242 2660 1344 2707 noster

240 2743 450 2828 Symmachus
461 2750 641 2809 luxuriatur.

281 2842 456 2928 Symmaeb.
484 2848 584 2930 Epist.
604 2848 630 2919 l,
650 2845 688 2907 41
706 2845 791 2930 (38)=
808 2845 909 2910 Credo
927 2847 1077 2915 iudicium
1099 2845 1208 2912 fecisse
1226 2839 1285 2905 tibi
1300 2843 1343 2904 la-

241 2960 334 3014 mam,
349 2946 429 3023 quod
440 2955 604 3026 parentem
619 2962 722 3006 meum
732 2945 801 3005 ruri
815 2957 907 3025 atque
925 2944 957 3004 in
970 2960 1090 3006 secessu
1105 2939 1225 3004 amissae
1241 2941 1347 3004 domus

240 3038 387 3119 injuriam
402 3042 626 3122 decoquentem
645 3039 860 3123 frequentibus¹
870 3041 1036 3120 suffragiis,
1062 3039 1197 3121 denique
1211 3040 1344 3103 oratori·
1367 3101 1369 3108 ,

239 3137 297 3200 bus
311 3138 413 3202 missis
423 3161 504 3204 novo
519 3141 637 3206 honore
645 3155 770 3205 senatus
781 3143 943 3207 acciverit.
954 3141 1022 3225 Qua
1033 3161 1129 3206 causa
1140 3141 1194 3203 ubi
1205 3141 1342 3226 primum

239 3239 417 3305 facultatem
440 3241 586 3322 loquendi
604 3243 685 3324 apud
700 3243 834 3326 collegas
848 3243 953 3305 attulit
967 3243 1044 3313 dies,
1065 3241 1129 3324 egit
1149 3240 1202 3303 ille
1224 3240 1343 3303 senatui

239 3339 356 3417 gratias
368 3360 405 3402 ea
415 3339 566 3402 facundiae
574 3339 738 3420 gravitate,
752 3361 811 3424 qua
826 3355 916 3404 notus
930 3353 986 3404 est.
999 3339 1143 3405 Caleudae
1156 3347 1231 3401 tunc
1241 3353 1341 3412 eraut,

240 3438 351 3519 quibus
367 3460 467 3502 annus
481 3440 632 3524 aperitur.
644 3438 739 3502 Brevi
753 3441 919 3511 intervallo
932 3462 1001 3505 cum
1015 3441 1177 3504 familiaris
1191 3441 1253 3502 mei
1266 3441 1345 3526 Try·

239 3536 303 3615 geti
323 3533 400 3614 iilic,
425 3537 571 3620 proetorio
593 3535 770 3612 candidato,
794 3539 925 3602 actionis
947 3559 1073 3621 operam
1097 3534 1341 3622 spopondissem,

240 3639 376 3700 animum
398 3640 510 3724 religio
526 3640 683 3712 eotrvenit‚
708 3653 743 3702 ut
763 3640 928 3704 occasione
943 3641 1090 3706 destinati
1113 3637 1210 3705 officii
1224 3639 1343 3703 obirem

245 3758 355 3801 munus
366 3741 467 3802 adhuc
488 3762 566 3804 ame
581 3740 664 3822 patri
674 3724 824 3815 debitum,
850 3744 914 3816 sed,
938 3753 972 3802 ut
992 3735 1069 3814 dixi,
1090 3741 1129 3806 ab
1150 3740 1204 3804 illo
1221 3741 1344 3803 senatui

236 3837 302 3922 jaun
328 3840 473 3902 solutum.
505 3842 589 3922 Ergo
615 3842 655 3901 ad
680 3841 820 3920 quintum
843 3843 915 3902 idus
941 3839 1086 3906 tannarii
1108 3841 1205 3910 verba
1232 3837 1291 3907 leci
1311 3841 1344 3901 in

238 3937 424 4022 amplissimo
446 3936 576 4014 ordine;
599 3960 665 4023 quae
692 3941 745 4001 ubi
765 3939 798 4004 in
823 3963 932 4004 manus
952 3954 1020 4003 tuas
1045 3943 1203 4014 venerint,
1231 3963 1267 4006 ex
1290 3955 1340 4003 tuo

239 4034 344 4126 animo
360 4037 509 4120 conjicies
521 4035 638 4118 judicia
650 4049 837 4102 ceterorum.

221 4245 226 4262 γ
276 4174 466 4245 Trygclistlio]
486 4175 658 4246 fragmentum
674 4172 756 4245 hujus
770 4174 897 4228 orationis
910 4178 980 4230 inter
994 4194 1036 4228 cas
1050 4189 1145 4243 exstat,
1160 4193 1219 4252 quae
1232 4177 1342 4247 abling.
