2904 4840
645 344 692 416 93

93 433 102 442 ἱ
156 464 311 564 urgente
320 483 448 547 Valeria
463 496 497 548 et
513 485 714 548 Messalarum
727 481 907 558 huuanba,
923 501 1000 564 quos
1013 483 1142 556 historie
1155 487 1216 550 llo·

1 587 2 658 5
110 603 208 648 mana
221 583 428 664 consignavit,
446 575 599 669 nunoprs
612 596 661 648 est
672 584 837 648 disserere.
852 586 978 646 Patrem
993 596 1099 646 noster
1110 586 1219 651 habuit

1 705 2 712 ¹
110 684 157 744 Μ.
168 680 330 747 Valerium
342 684 513 755 Messalam,
527 685 580 764 qui
595 681 703 748 eousul
717 684 777 746 fuit
789 703 859 745 eum
870 683 930 746 Cn.
943 680 1081 744 Domitio
1090 681 1218 748 Caluino

108 806 146 847 a.
160 783 202 846 U.
218 786 293 848 700.
315 783 368 848 Sio
379 798 466 847 reete
480 782 649 865 Burignius
661 787 684 848 l.
699 807 732 856 e.
749 785 814 850 Sed
827 786 865 847 de
880 784 978 846 natali
991 803 1075 845 anno
1090 782 1221 847 Coruini

110 901 179 945 nou
195 881 364 944 certissime
382 895 515 944 constat.
539 884 683 964 Plerique
695 901 788 955 saue,
804 896 837 944 et
848 881 935 944 inter
947 883 1003 945 hos
1015 878 1220 944 recentissimi

108 977 198 1050 fere,
214 998 283 1046 onus
296 978 428 1042 Eusebio
443 999 469 1040 s.
481 979 675 1062 Hieronymo
693 977 909 1047 consentiunt,
926 977 979 1058 qui
991 991 1097 1040 uatum
1111 976 1220 1039 statuit

110 1081 156 1162 Q.
169 1081 303 1155 Metello,
321 1083 356 1142 L.
370 1080 501 1142 Airanio
515 1079 618 1152 Coss,
631 1079 750 1141 hoeest
763 1097 795 1140 a.
809 1081 851 1146 U.
867 1078 1064 1144 693.Verum
1075 1080 1157 1141 haue
1170 1098 1220 1140 ra·

109 1179 231 1244 tionem
249 1180 361 1242 falsam
382 1198 465 1252 esse,
481 1179 594 1239 dudum
613 1175 720 1241 docuit
736 1196 871 1240 summm
888 1176 1030 1256 Scaliger
1049 1180 1089 1238 ad
1107 1177 1218 1240 Euseb.

110 1299 145 1361 p.
163 1282 238 1354 165,
255 1280 296 1342 ad
307 1299 336 1340 a.
350 1279 552 1352 MMXXV113
569 1279 651 1341 eous.
667 1279 800 1342 Messon.
816 1280 850 1342 in
861 1280 936 1343 Vita
949 1278 1055 1343 Ovidii
1069 1297 1100 1360 p.
1115 1281 1153 1342 ll
1168 1281 1218 1340 ed.

109 1373 287 1438 Burmann.
305 1377 444 1459 Quorum
459 1375 676 1458 disputationis
689 1378 755 1440 hese
768 1389 840 1439 sunt
853 1373 970 1458 capita.
986 1374 1135 1439 Eusebius
1144 1377 1221 1439 Mes·

110 1475 188 1538 salse
200 1487 330 1537 mortem
340 1474 468 1538 biennio
479 1488 553 1538 ante
566 1479 735 1556 Augustum
746 1475 931 1541 exstinetam
941 1477 1042 1558 ponit,
1055 1489 1088 1538 et
1100 1489 1220 1560 septua-

113 1575 279 1654 genarium
304 1575 417 1636 additis
433 1576 524 1637 aunis
551 1573 669 1638 duobus
684 1591 840 1638 mortuum
859 1595 926 1638 esse
943 1577 1020 1637 vult.
1046 1578 1086 1637 Et
1106 1573 1140 1636 iu
1159 1578 1220 1638 hoe

112 1673 238 1752 quidem
252 1671 328 1734 alios
346 1672 440 1736 etiam
454 1673 687 1736 eonsentientes
697 1673 803 1736 habet.
819 1675 1021 1736 Verumeum
1035 1673 1132 1735 variis
1144 1672 1220 1737 ovi·

112 1767 157 1834 dii
176 1769 264 1854 locis,
289 1781 324 1830 ut
345 1772 393 1832 Ex
412 1771 513 1832 Ponto
529 1772 557 1844 l,
572 1771 602 1842 t,
615 1770 668 1846 tt,
682 1771 748 1852 jam
763 1768 951 1832 exstinctum
963 1767 1071 1844 fuisse,
1093 1791 1164 1831 euru
1184 1774 1218 1832 in

112 1868 253 1932 exsilium
268 1880 361 1949 poeta
375 1867 488 1943 abiret,
500 1869 661 1930 Messalam
675 1867 840 1944 efficiatur,
856 1881 889 1930 et
904 1868 1051 1948 Dialogus
1065 1870 1104 1928 de
1115 1879 1219 1928 orato·

112 1969 200 2032 ribus
213 1989 243 2032 e.
257 1968 309 2040 ll,
325 1969 408 2031 huno
423 1970 462 2030 ad
475 1971 610 2030 medium
624 1970 754 2049 Augusti
772 1967 983 2054 principatum
997 1971 1123 2031 durasse
1138 1986 1219 2030 asse·

113 2080 177 2142 ret,
188 2063 331 2128 Asinium
342 2078 444 2129 sutem
454 2064 628 2130 Pollionem
639 2069 678 2129 ad
689 2082 872 2140 extremum,
883 2065 1072 2130 Eusebianas
1080 2067 1220 2128 rationes

115 2163 202 2244 sequi
222 2184 287 2227 uon
308 2165 393 2228 licet.
422 2164 521 2244 lgitur
540 2165 681 2245 Scaliger
702 2167 836 2229 natalem
858 2163 994 2228 Messala
1016 2185 1132 2227 annum
1154 2185 1220 2227 esse
1271 2190 1273 2196 ’

116 2260 186 2322 uult
202 2259 263 2325 681
274 2282 283 2322 2
296 2263 387 2326 nude
405 2263 444 2324 ad
463 2281 493 2323 a.
509 2264 569 2326 tea
584 2264 780 2346 septuaginta
793 2265 855 2325 duo
875 2266 951 2330 anni
964 2263 1153 2328 efficiuntur.
1168 2265 1218 2326 lta

114 2375 207 2420 error
227 2358 353 2422 Erusebii
372 2359 407 2420 iu
426 2379 464 2420 eo
488 2360 684 2436 continetur,
706 2363 786 2441 quod
807 2381 878 2423 eum
899 2375 1039 2425 extrema
1060 2346 1220 2424 seneet'ute

114 2465 271 2516 mortuum
294 2456 457 2520 Messalam
480 2467 656 2529 constaret,
682 2455 781 2518 natali
802 2477 886 2521 anno
909 2477 1076 2541 perperam
1099 2457 1217 2540 posito,

116 2562 243 2613 coactns
257 2563 319 2625 est,
336 2551 432 2614 vitam
446 2550 512 2632 ejus
530 2551 650 2631 longius
664 2554 849 2637 produeere.
871 2555 914 2614 At
928 2557 1084 2615 Massonus
1099 2571 1220 2614 oausam
1301 2544 1305 2564 ’

116 2645 212 2712 etiam
225 2651 342 2714 erroris
354 2650 499 2714 sollerter
514 2652 647 2734 aperuit.
670 2653 750 2714 Nam
762 2671 863 2714 annus
876 2671 968 2714 verus
982 2652 1119 2713 Messalas
1135 2663 1220 2714 nata·

116 2752 155 2814 lis
170 2751 233 2816 684
250 2755 390 2816 eonsules
409 2755 507 2818 hahet
526 2754 568 2838 Q.
587 2755 745 2816 Metellum
765 2756 858 2837 etQ.
880 2753 1097 2826 Hortensium,
1122 2771 1222 2815 annue

117 2868 219 2920 autem
233 2856 308 2932 603,
323 2857 365 2934 Q.
378 2857 547 2932 Metellum,
565 2859 618 2938 qui
632 2856 817 2936 cognomine
829 2856 922 2920 Celer
935 2869 982 2918 est
996 2857 1107 2932 dietus,
1129 2867 1161 2917 et
1182 2859 1218 2918 L.

116 2951 289 3016 Afranium.
305 2955 354 3019 lta
366 2954 399 3016 iu
413 2953 591 3020 nominibus
603 2954 723 3018 errarit
736 2952 896 3016 Eusebius.
914 2951 1103 3014 levissimum
1117 2967 1221 3016 autem

118 3050 353 3130 Buriguiusluit
365 3051 451 3132 quil.
465 3069 493 3114 e.
506 3071 540 3132 p.
555 3051 629 3126 101,
645 3052 726 3132 quod
739 3053 777 3114 sd
788 3063 920 3114 mortem
929 3049 1060 3112 Coruini
1070 3053 1219 3132 pertinet,

119 3168 188 3214 oum
201 3151 363 3232 seangero
375 3151 468 3226 rasit,
490 3154 543 3215 sed
563 3152 597 3214 in
617 3154 716 3216 natali
735 3173 819 3215 anno
839 3151 1054 3217 constituendo
1069 3173 1139 3215 eum
1153 3155 1222 3216 reli·

119 3251 186 3332 quis
198 3262 296 3314 errat.
312 3247 405 3315 Errat
416 3248 511 3312 etiam
525 3249 684 3314 Johanues
697 3250 852 3312 Henrious
860 3249 997 3321 Vossius,
1015 3262 1047 3310 et
1059 3251 1086 3311 is
1099 3251 1221 3332 quidem

119 3347 314 3413 annuatur
334 3347 403 3412 sine
423 3347 486 3410 ullo
508 3347 619 3410 idonee
639 3350 825 3410 documento
842 3346 989 3430 probans.
1011 3349 1223 3430 Reperiuntur

118 3459 220 3509 autem
230 3446 333 3527 plures
342 3445 496 3522 rationes,
507 3443 618 3526 quibus
628 3445 827 3526 Seeligerana
839 3442 1029 3526 computatio
1044 3443 1137 3508 unice
1148 3466 1224 3510 rere

119 3539 305 3616 ostenditur.
324 3545 402 3606 Nam
417 3542 471 3606 vix
487 3540 653 3626 pueritiam
667 3563 826 3623 egressum
841 3552 921 3615 nou,
940 3545 1046 3618 eredo,
1061 3556 1223 3626 tantopere

121 3641 298 3716 timuissent
309 3642 479 3722 triumviri,
491 3660 524 3708 ut
534 3646 618 3708 hune
627 3642 661 3708 in
672 3644 784 3730 primis
792 3659 826 3710 et
834 3643 868 3709 iu
878 3642 1016 3708 civitatis
1027 3640 1224 3728 principibus

122 3738 379 3826 proscribendum
399 3756 557 3806 curarent.
580 3743 659 3806 Vide
674 3745 810 3827 Appiae.
829 3745 867 3806 Β.
886 3738 955 3804 Ciu.
976 3743 1033 3815 tv,
1054 3741 1108 3819 38,
1125 3741 1221 3807 Dion.

122 3836 261 3904 Cassium
283 3839 394 3915 XLIX,
413 3842 464 3903 16.
491 3842 613 3922 Neque,
633 3838 755 3904 etiamsi
777 3837 923 3903 tribunus
943 3835 1078 3902 militum
1098 3838 1221 3916 fuisset,
1335 3843 1342 3851 “

121 3953 208 4004 tenta
220 3943 302 4004 lama
317 3961 386 4004 esse
399 3954 533 4024 poterat,
551 3955 584 4005 ut
597 3941 815 4027 pretermissis
828 3954 876 4004 tot
889 3940 1051 4006 honoratis
1066 3956 1098 4004 et
1111 3937 1225 4004 militia

124 4040 338 4119 duratissimis,
359 4043 443 4105 hunc
458 4042 665 4128 potissimum,
684 4046 913 4110 adolescentem
927 4065 1081 4108 annorum
1096 4041 1224 4106 vixdum

125 4137 352 4220 duodeviginti,
376 4138 492 4206 milites
514 4146 622 4207 ducem
644 4163 754 4206 creare
769 4143 896 4206 uellent.
923 4138 1046 4204 Deinde
1067 4152 1113 4200 est
1134 4158 1224 4220 argu·
1301 4183 1303 4188 -
