2916 4838
674 309 744 386 269

202 446 320 510 Ibide.
331 445 503 510 teitaun
515 447 591 510 mihi
599 448 634 510 L.
642 445 747 510 Crassi
757 464 851 510 unum
860 463 920 528 pro
928 443 1083 510 M'AEurio
1092 447 1260 514 dictionem

157 565 254 628 quem
265 545 454 608 castellanos
466 543 639 627 triumphos
646 545 719 606 duo.
751 603 754 614 ‚

200 645 269 708 Cic.
282 645 330 706 Da
341 656 421 708 oret.
437 645 481 718 11,
495 646 527 721 6,
541 643 604 706 24:
622 641 714 717 lllud,
727 643 807 723 quod
820 660 877 720 ego
888 637 922 704 in
934 659 1026 705 causa
1033 640 1170 706 Curiana
1179 643 1259 706 Sete-

157 749 235 809 voire
244 744 321 822 diri,
334 765 395 808 non
405 741 471 808 dixi
481 763 571 809 secus
579 765 616 810 ac
625 744 812 810 sentiebam.
825 742 905 804 Nom
915 747 952 819 si,
964 744 1103 826 inquam,
1111 743 1259 818 Scaevoia,

157 846 279 906 nulum
298 849 355 906 erit
373 859 588 906 testamentum
606 858 688 906 reete
702 844 835 922 fuctum,
855 846 916 904 nisi
933 844 1014 928 quod
1032 845 1259 922 inscripseris,

157 961 265 1002 omues
280 944 322 1002 ud
338 957 368 1004 te
383 947 463 1003 cives
477 963 547 1003 cum
566 940 675 1002 tubulis
692 943 862 1008 veniemus,
878 944 1014 1000 omum
1032 953 1212 1003 testurneuta
1230 953 1262 1002 tu

130 1048 133 1052 ’
157 1043 275 1106 scribes
299 1063 386 1105 unus.
412 1044 499 1125 Quid
521 1041 641 1123 igitur)
659 1043 781 1127 quaudo
804 1059 878 1119 ugus
902 1046 1057 1121 negotium
1080 1039 1261 1121 pubiicum?

155 1145 277 1228 quaudo
295 1141 495 1204 amicorum?
512 1143 631 1228 quando
651 1139 762 1200 tuum?
781 1140 900 1224 quaudo
919 1139 1048 1224 denique
1066 1139 1144 1200 nihil
1157 1139 1261 1221 ages?

156 1240 237 1305 Mitt
248 1245 332 1300 enim
346 1239 426 1300 liber
439 1259 508 1300 esse
521 1259 585 1300 non
600 1240 729 1314 videtur,
742 1242 795 1324 qui
807 1257 867 1296 nou
882 1236 1043 1322 siquando
1055 1236 1131 1298 nuit
1142 1243 1218 1317 ugit.
1256 1277 1258 1282 -

161 1390 166 1400 .
197 1340 359 1405 Orationis
374 1339 477 1423 capita
491 1359 586 1422 porro
600 1350 747 1402 recenset
758 1338 826 1401 Cic.
839 1337 873 1398 in
883 1336 940 1401 Or.
954 1357 1012 1420 pro
1025 1336 1149 1402 Casina
1160 1357 1189 1399 c.
1203 1337 1261 1411 te,

156 1441 263 1523 Topic.
278 1462 307 1505 c.
321 1441 372 1514 10,
384 1443 524 1504 Deerat.
538 1441 564 1514 1,
579 1441 631 1515 39,
643 1440 723 1515 1803
745 1441 797 1518 et,
811 1439 891 1514 242;
910 1440 949 1515 ΙΙ,
964 1438 1018 1513 32,
1036 1436 1109 1514 110,
1124 1438 1196 1516 141,
1213 1440 1261 1503 De

157 1537 276 1601 invent.
289 1540 333 1612 11,
346 1537 399 1614 tt,
413 1539 489 1612 1223
502 1539 719 1622 Quinetvn,
730 1541 761 1613 6,
775 1538 805 1606 9.

324 1743 375 1806 10.
398 1761 510 1811 onurto
524 1763 580 1806 reo
595 1763 645 1806 cu.
659 1764 774 1806 eunuco
785 1761 900 1807 course
915 1757 948 1804 u.
961 1763 1091 1806 snuruu.
1163 1761 1165 1768 ’

197 1929 264 2002 Cic.
279 1935 419 1998 Deerat.
431 1937 475 2012 11,
489 1937 541 2012 54,
555 1935 634 1999 220:
651 1935 733 2019 Quid
746 1934 780 1998 in
792 1934 876 2000 omni
886 1932 1027 1998 oratione
1038 1935 1078 1997 ab
1089 1946 1157 1996 arte
1168 1932 1255 2015 adju·

155 2035 225 2098 vari
238 2037 339 2118 potnit
352 2035 482 2099 Crassus
495 2037 546 2100 vel
562 2040 644 2120 epud
658 2034 870 2100 centumviros
885 2049 997 2101 contra
1009 2036 1194 2108 Scaevolam,
1211 2035 1261 2099 vd

156 2147 268 2197 centra
287 2148 497 2199 accusatorem
513 2139 666 2213 Brutum,
689 2157 759 2200 cum
779 2155 835 2218 pro
855 2135 914 2199 Cn.
938 2134 1055 2199 Planco
1075 2133 1258 2198 diceretis.

156 2233 235 2294 Nam
256 2233 322 2294 hteo
342 2248 492 2317 perpetua
506 2247 618 2298 contra
630 2235 802 2298 Sraerolam
816 2233 955 2297 Curiana
972 2233 1109 2296 defensio
1129 2243 1194 2294 tota
1205 2251 1260 2296 re·

156 2335 306 2399 dundavit
318 2336 477 2399 hilaritate
491 2339 629 2419 quadem·
637 2350 670 2398 et
678 2337 762 2418 joco,
775 2335 860 2398 dicta
870 2337 927 2399 itta
939 2335 1050 2398 brevia
1062 2343 1127 2398 'non
1138 2333 1257 2398 habuit.

155 2435 247 2498 mC.
259 2438 312 2512 55,
326 2437 406 2498 223:
423 2438 462 2498 In
475 2439 583 2511 Bruto,
597 2453 688 2517 quem
700 2437 811 2497 oderat
820 2450 853 2497 et
866 2455 957 2517 quem
968 2435 1094 2516 dunum
1104 2447 1262 2499 contume-

155 2531 199 2593 lia
209 2531 382 2616 judicabat,
399 2545 532 2613 utroque
546 2551 662 2614 genere
676 2528 839 2614 pugnavit.
853 2533 956 2616 Quem
967 2533 1066 2594 multe
1077 2533 1116 2594 de
1127 2531 1257 2608 balmis,

155 2649 232 2712 ques
250 2651 350 2712 nuper
367 2631 421 2694 ille
437 2631 634 2707 vendiderat,
656 2651 747 2713 quam
765 2630 861 2693 multe
880 2633 919 2706 de
939 2631 1052 2694 emisso
1071 2629 1260 2715 patrimonio

101 2732 103 2736 ’
155 2727 259 2797 dixit?
271 2733 373 2812 Atque
386 2731 442 2794 illa
456 2728 584 2795 brevia:
604 2751 673 2794 cum
687 2727 740 2794 ille
755 2731 884 2807 diceret,
897 2751 931 2794 se
945 2730 1013 2793 sine
1027 2735 1121 2794 cansa
1134 2731 1257 2805 sudare,

155 2831 291 2890 Minime
305 2833 430 2901 meum,
442 2825 554 2911 inquit,
568 2829 657 2890 modo
671 2832 756 2888 enim
770 2831 863 2888 existi
875 2829 913 2888 de
929 2827 1058 2892 balneis.
1076 2830 1260 2892 lnnutnere·
1291 2828 1357 2904 155

155 2925 231 2989 bilin
246 2925 455 3008 hujuscemodi
470 2926 607 3001 fuerunt,
620 2927 674 2998 sed
688 2945 753 2989 non
768 2924 871 2988 minus
881 2923 1019 3006 jucunde
1029 2923 1083 2989 itta
1092 2938 1257 3009 perpetua.

156 3026 235 3090 Cum
250 3027 333 3089 enim
347 3029 462 3090 Brutus
480 3029 558 3091 duos
574 3029 707 3092 lectores
721 3027 899 3100 excitasset,
916 3038 949 3088 et
968 3025 1061 3090 alteri
1081 3029 1121 3090 de
1139 3024 1261 3090 colonie

155 3125 352 3190 Narbonensi
368 3125 473 3190 Crassi
491 3127 663 3190 orationem
680 3126 841 3208 legendam
862 3125 1004 3202 dedisset,
1022 3126 1113 3189 uitari
1134 3128 1172 3190 de
1192 3127 1261 3208 lege

155 3227 299 3306 Servilia,
314 3233 345 3290 e‘t
360 3247 431 3291 cum
443 3228 603 3292 contraria
617 3227 702 3293 inter
721 3249 787 3292 sese
802 3228 841 3290 de
856 3227 1017 3310 republica
1032 3229 1136 3313 capita
1152 3241 1261 3291 contu·

154 3321 261 3387 lisset:
278 3338 386 3388 noster
400 3327 451 3389 hic
465 3324 652 3389 facetissime
666 3339 731 3389 tres
745 3325 845 3409 petris
859 3326 950 3389 Bruti
973 3327 1013 3389 de
1029 3325 1101 3410 jure
1120 3323 1207 3389 civili
1225 3327 1261 3391 li-

153 3419 252 3484 bellos
266 3421 367 3486 tribus
381 3423 527 3504 legendos
542 3423 636 3485 dedit.
654 3425 702 3485 Ex
716 3424 798 3486 libro
813 3424 933 3507 primos
950 3426 1046 3486 Forte
1060 3429 1166 3500 evenit,
1180 3439 1212 3486 ut
1224 3431 1258 3488 in

151 3516 327 3579 Privernati
340 3541 488 3581 essemus.
506 3521 609 3596 Brute,
626 3520 803 3600 testt'fieutur
812 3536 912 3598 puter,
930 3541 964 3582 se
980 3520 1261 3583 tibiPrivernuiem

144 3618 282 3698 fundum
297 3620 469 3704 reliquisse.
487 3621 609 3684 Deinde
624 3640 662 3683 ex
674 3620 756 3708 libro
769 3623 923 3684 secundo:
941 3621 981 3683 Iu
995 3620 1120 3683 Albano
1136 3643 1262 3684 eramus

154 3734 214 3796 ege
226 3729 257 3779 et
270 3715 498 3798 Marrucfiliru.
518 3719 649 3800 Sapiens
665 3718 807 3784 vuettcec
823 3717 914 3786 homo
931 3739 1000 3785 etun
1016 3723 1133 3798 primis
1147 3737 1261 3787 nostru

153 3815 287 3884 civitatis
298 3829 390 3882 noret
401 3815 480 3881 tunc
493 3821 649 3898 grugitem
655 3843 671 3898 ,·
683 3815 848 3887 recinebat,
859 3835 910 3898 ue,
921 3821 1031 3886 cumis
1041 3817 1118 3884 nitu
1125 3817 1262 3892 baberet,

155 3912 231 3976 nihil
241 3933 310 3976 esse
323 3921 358 3978 ei
367 3917 506 3982 relictum
517 3933 693 4006 peruetus,
702 3920 782 4004 Turn
791 3939 829 3986 ex
838 3918 920 3990 libre
935 3920 1087 4000 tertio,·in
1096 3941 1156 4002 quo
1166 3919 1263 3997 finstu

154 4009 314 4083 scribendi
328 4014 419 4086 iecit:
437 4017 478 4077 In
494 4013 611 4098 Tiburti
616 4016 708 4103 forte
724 4019 900 4097 assedimus
913 4041 972 4104 ego
985 4017 1260 4100 urlmufittu.
1278 4093 1285 4106 ι

161 4104 224 4184 tibi
241 4127 308 4173 suot
326 4117 353 4174 ii
365 4113 471 4195 fiendi,
485 4115 591 4191 Brute,
604 4137 679 4199 qttos
698 4115 755 4182 eit
771 4130 861 4196 puter
875 4116 1010 4196 publicis
1028 4121 1263 4187 commentariis
