2904 4840
601 315 655 386 189

86 449 244 512 Plutarchi
258 447 475 517 verbisPraec.
492 445 594 530 politt.
608 450 626 528 g
640 447 672 519 4,
689 469 722 530 p.
740 445 813 522 800,
828 447 861 508 E.
876 469 884 506 ε
902 459 1024 529 Πομπήιον
1039 459 1066 512 tt
1080 457 1201 538 Μάγων

87 559 219 635 ῖλοιθόρουν
232 563 254 613 οἱ
274 561 363 634 1χ6ροὶ,
376 561 592 634 παραφυλάξαντες
606 559 639 612 ἑνὶ
652 555 765 632 δακτύλῳ
775 561 817 618 τὴν
830 559 937 629 κεφαλὴν
949 560 1077 631 arriperet.
1095 551 1185 615 Conf.

85 646 157 710 Seu.
175 647 325 709 Contror.
338 651 378 724 V,
390 669 421 730 p.
438 643 512 708 32⁸.
526 642 580 708 Sic
594 644 739 708 maledici
748 645 782 706 in
797 644 951 707 Caesarem
961 644 1189 727 epigrammatis

1 815 2 826 χ
86 765 195 808 versus
209 746 348 807 servavit
374 747 460 810 Suet.
486 743 563 806 eus.
582 766 610 806 c.
637 741 699 819 493
716 755 748 804 et
771 742 1065 827 hendecasyllabum
1090 744 1124 807 iu
1147 747 1187 829 Q.

1 829 2 862 ³
86 843 217 906 Curium
243 843 482 918 catilinarium,
506 840 757 904 studiosissimum
776 841 960 918 aleatorem,
981 843 1135 904 Asconius
1154 842 1193 903 ad

87 941 146 1006 Or.
161 943 196 1004 in
215 953 287 1022 toga
305 943 398 1005 cand.
411 961 444 1022 p.
459 940 497 1003 95
510 940 559 1000 ed.
579 937 678 1000 Orell.
693 937 996 1022 Hendecasyllabum
1010 960 1107 1003 uuum
1120 940 1195 1003 Gel-

87 1040 148 1102 lius
164 1037 220 1114 tx,
247 1041 297 1114 12,
312 1039 420 1122 (quem
445 1035 572 1097 exbibet
592 1033 687 1095 etiam
707 1033 825 1094 Nonius
845 1053 877 1096 v.
904 1035 1118 1108 Laboriosum,
1134 1056 1195 1120 quo

1 1193 2 1208 ,
87 1140 160 1200 loco
181 1139 279 1201 Hadr.
307 1136 422 1199 Junius
443 1145 530 1196 reete
553 1128 659 1206 videt,
685 1130 770 1192 Calvi
790 1151 849 1213 pro
872 1131 959 1192 Gottt
973 1134 1107 1197 ¹nomine
1127 1137 1196 1198 sub·

1 1286 2 1304 .
89 1239 282 1301 stituendum
303 1237 405 1318 esse),
428 1245 460 1294 et
484 1246 605 1314 partem
623 1229 797 1293 hexametri
813 1252 853 1294 ex
873 1229 1035 1296 amatoriis
1054 1236 1195 1299 Macrob.

1 1409 2 1414 γ
88 1337 154 1410 lll,
171 1338 212 1412 83
227 1335 302 1396 alias
315 1332 486 1418 particulas
499 1329 621 1394 Charis.
639 1331 665 1405 l,
683 1349 715 1412 p.
736 1331 789 1404 61,
807 1331 859 1405 78,
877 1329 954 1410 1203
974 1334 1123 1396 carminis
1134 1334 1198 1416 epi·

89 1431 241 1498 thalamii·
251 1436 437 1497 mentionem
447 1432 626 1496 Priscianus
640 1431 735 1494 habet
750 1435 790 1507 V,
801 1451 833 1515 p.
847 1435 926 1508 6583
943 1454 976 1495 r.
996 1435 1195 1500 Wernsdorl.
1297 1478 1301 1488 .

91 1541 131 1600 ad
151 1540 255 1601 Poett.
271 1539 354 1600 Latt.
377 1537 525 1622 minclv,
542 1555 575 1617 p.
589 1534 665 1607 463,
680 1533 770 1617 hujus
783 1537 908 1616 generis
921 1539 1062 1601 carmina
1074 1559 1112 1602 ex
1128 1557 1199 1622 pro·

91 1635 195 1717 posito
204 1653 260 1696 suo
275 1633 484 1713 colligentem.
499 1627 588 1696 Calvi
603 1652 640 1693 ex
651 1629 685 1695 lo
698 1630 850 1712 tragoedia
861 1655 969 1697 versus
978 1657 1069 1716 quem
1083 1633 1198 1716 Virgil.

93 1733 162 1794 Ecl.
178 1734 236 1808 vl,
255 1731 310 1804 ll,
335 1731 475 1793 imitatus
489 1729 598 1803 lectur,
625 1727 665 1788 ab
679 1731 782 1811 intpp.
807 1743 885 1794 rett.
909 1732 948 1792 ad
966 1732 997 1794 h.
1016 1733 1040 1792 l.
1061 1745 1202 1795 servatus

94 1845 154 1907 est,
176 1843 208 1892 et
222 1831 300 1892 alius
314 1833 353 1892 ad
366 1833 455 1906 Vlll,
480 1829 513 1890 t.
535 1829 598 1892 Sed
622 1847 694 1891 cum
707 1841 836 1911 uterque
855 1829 1063 1896 hexametrici
1076 1834 1203 1912 generis

94 1931 147 2004 sit,
170 1929 210 1990 de
223 1925 493 2008 tragoedialerme
513 1925 734 1988 dubitaturim.
755 1927 912 1992 Praeterea
936 1948 1043 1991 versus
1057 1925 1203 1992 heroicus

96 2027 260 2092 exhibetur
274 2003 321 2091 ad
328 2029 398 2090 AEn.
414 2030 459 2102 11,
478 2027 557 2103 632,
576 2048 615 2089 ex
629 2023 789 2091 amatoriis
805 2049 814 2088 t
837 2029 1094 2114 «Polle'ntemque
1112 2033 1204 2100 deum

97 2129 277 2192 Venerem»
301 2149 383 2210 sqq,
402 2141 434 2189 ut
448 2129 628 2190 ostendatur
638 2127 711 2186 deus
727 2129 846 2192 Latinis
865 2129 959 2216 etiam
981 2150 1203 2213 nonnunquam

96 2229 259 2309 utriusque
280 2229 403 2308 generis
421 2240 593 2310 compotem
617 2245 693 2289 esse.
714 2229 830 2292 Versus
849 2231 909 2294 duo
930 2232 969 2293 de
983 2231 1100 2296 Cerere
1119 2248 1203 2316 θεσμο-

98 2339 166 2411 pipp
187 2338 258 2390 sunt
277 2346 327 2408 ap.
345 2327 435 2390 Serv.
451 2327 490 2386 ad
504 2327 575 2386 AEn.
601 2325 657 2399 lv,
680 2325 733 2398 68,
750 2339 782 2388 et
796 2327 1026 2390 hemistichium
1043 2325 1206 2392 heroicum

98 2445 150 2507 ap.
169 2423 272 2486 eumd.
292 2424 401 2504 adlll,
423 2422 497 2485 169.
519 2415 681 2508 [Pleniora
698 2421 764 2483 haec
780 2441 831 2504 ap.
846 2425 1063 2492 Weichertum
1086 2428 1109 2487 l.
1128 2446 1157 2489 c.
1171 2446 1229 2507 p„

102 2519 271 2610 tet-tte]

145 2621 200 2682 66.
224 2619 274 2678 Μ.
297 2617 507 2688 Marcellum,
530 2617 565 2676 C.
593 2616 774 2684 bitrionem,
797 2613 835 2676 L.
852 2615 1030 2675 Mummium
1049 2617 1206 2678 Plancum

98 2719 252 2784 brevibus
271 2717 475 2781 absolvamus.
494 2717 680 2778 Marcellum
697 2717 821 2780 doctum
834 2726 868 2778 et
882 2715 1006 2800 optimis
1019 2715 1205 2780 innutritum

101 2823 231 2898 studiis,
267 2820 428 2884 senatoriae
446 2815 814 2901 sententiaepriucipem,
839 2816 964 2899 judiciis
990 2817 1091 2881 miuus
1111 2808 1207 2882 inisse

101 2934 221 3005 aptum,
234 2917 385 2983 credibile
406 2933 453 2982 est
464 2939 501 2982 ex
512 2919 580 2982 Cic.
594 2919 682 2980 Brut.
698 2940 725 2982 o.
744 2919 795 2992 71,
810 2919 864 3000 qui
880 2918 962 2980 solus
975 2918 1059 2982 locus
1074 2933 1133 2995 est,
1146 2942 1207 3003 quo

101 3024 186 3086 illius
197 3035 342 3103 tanquam
358 3019 531 3102 eloquentis
546 3019 658 3104 aliquis
672 3018 824 3084 meminit.
848 3021 883 3081 C.
900 3034 1004 3084 antem
1021 3023 1109 3084 Curio
1122 3024 1208 3104 inge·

103 3127 158 3188 nio
173 3143 318 3205 magum,
341 3124 395 3184 sed
411 3123 596 3185 eruditionis
617 3126 656 3186 ad
676 3124 775 3206 patris
798 3124 969 3207 exemplum
994 3144 1117 3206 expers,
1143 3127 1209 3189 vim
1273 3173 1276 3181 .

104 3227 285 3309 popularem
299 3220 421 3300 habuit,
439 3227 491 3286 sed
506 3246 605 3306 neque
619 3225 832 3288 maturitatem
845 3237 1000 3288 assecutus
1014 3239 1073 3303 est,
1095 3247 1208 3310 neque,

105 3343 178 3384 cnm
199 3318 473 3385 turbulentissimis
490 3321 583 3383 rebus
594 3323 792 3385 turbulentus
805 3323 870 3406 ipse
881 3322 1033 3389 immistus
1046 3325 1208 3399 occiderit,

107 3419 290 3486 memoriam
310 3443 396 3484 suam
415 3421 517 3484 literis
536 3420 751 3504 consignatam
766 3421 903 3506 reliquit.
926 3424 1060 3484 Plancus
1079 3426 1212 3516 denique

108 3520 257 3584 eximiam
277 3521 412 3583 indolem
436 3519 536 3604 (unde
559 3521 645 3584 inter
668 3521 829 3586 Ciceronis
857 3520 1024 3605 discipulos
1049 3513 1211 3612 acceptus)

110 3623 250 3686 moribus
260 3617 432 3684 foedissimis
447 3621 678 3698 dehonestarit3
696 3644 753 3687 nec
767 3621 834 3706 ipse
849 3622 933 3688 iniis
946 3621 1016 3700 fuit,
1032 3626 1085 3705 qui
1099 3639 1217 3708 praeter

112 3721 228 3781 lamam
247 3739 333 3780 suam
356 3719 520 3800 quidquam
535 3720 723 3802 posteritatis
736 3724 892 3784 memoriae
906 3719 1148 3787 transmiserint.
1165 3724 1219 3790 sic

116 3819 213 3878 etiam
234 3815 287 3876 M.
306 3813 381 3874 Cato
392 3815 547 3897 perlectus
566 3830 673 3880 orator
687 3817 719 3886 iu
738 3816 862 3894 Stoicis,
879 3818 996 3880 Rutilio
1010 3819 1063 3882 illo
1079 3842 1141 3884 uon
1164 3821 1220 3884 ab·

118 3910 242 3988 similis,
261 3913 315 3976 sed
327 3913 413 3974 cultu
427 3915 579 3997 superior,
606 3933 727 3978 morum
741 3935 887 4002 generes
901 3913 1003 3979 causis
1017 3916 1157 3981 dicendis
1171 3918 1226 3979 ab·

118 4011 255 4090 horruit,
274 4028 341 4075 tum
354 4011 511 4097 gravitate
523 4017 641 4079 alicnus
661 4017 701 4078 ab
724 4017 908 4094 accusando,
936 4032 1002 4084 tum
1025 4015 1224 4082 severitatea

120 4110 187 4173 reis
200 4111 414 4196 qualicumque
428 4111 536 4180 haute
552 4111 737 4196 eripiendis.
759 4116 864 4198 Quare
880 4115 977 4178 multa
996 4115 1087 4196 hujus
1106 4109 1168 4174 viri
1190 4107 1225 4180 in

1043 4249 1074 4284 12
