2904 4840
739 331 788 404 st
887 301 891 308 ’

128 484 132 492 ·
218 481 355 534 mentum
369 467 460 548 longe
474 466 596 532 lortius.
622 470 701 533 Nam
716 485 826 534 contra
841 461 1139 542 Aufidiamdixisse,
1164 485 1235 530 cum
1249 467 1315 532 Ser.

217 563 370 650 Sulpicius
391 567 587 638 defenderet,
612 565 710 631 variis
729 565 920 652 Quintiliani
941 565 1020 631 locis
1042 567 1163 643 notari,
1191 563 1225 626 in
1247 567 1316 628 Ser.

217 660 347 747 Sulpicii
362 663 453 726 rebus
467 662 641 728 tractandis
657 663 827 730 docuimus.
852 669 895 728 At
908 666 989 729 hanc
1004 684 1129 728 causam
1149 683 1212 726 non
1230 665 1319 725 modo

219 775 293 824 ante
306 772 438 824 mortem
450 761 593 836 Coesaris,
609 764 663 824 sed
679 760 775 824 etiam
789 776 863 826 ante
876 763 991 826 bellum
1006 761 1100 827 ciuile
1115 773 1216 825 actam
1232 781 1320 842 opor-

150 895 154 902 ·
218 873 349 942 terque
363 860 465 922 lorum
479 861 657 942 eloquentia
677 863 820 925 orbatum
841 883 904 926 non
923 864 1020 926 semel
1032 861 1147 928 Cicero
1167 858 1319 943 queritur.

218 963 266 1024 lta
281 957 374 1024 etiam
385 959 599 1041 Quintilianus
608 965 678 1037 Xll,
694 966 745 1037 11,
756 965 809 1039 28,
819 983 913 1050 agere
924 962 1055 1047 coepisse
1068 965 1232 1026 Messalam
1244 959 1322 1025 dicit

218 1075 252 1127 et
260 1059 443 1141 Pollionem,
456 1085 527 1128 cum
535 1065 648 1129 Cicero
659 1085 764 1129 eroetn
777 1063 960 1147 eloquentie
974 1078 1107 1129 teneret.
1121 1060 1182 1128 Sed
1190 1063 1321 1126 Lentulo

220 1174 252 1224 et
264 1163 413 1225 Marcello
427 1164 528 1239 Coss,
544 1161 655 1244 quibus
675 1161 768 1225 civile
788 1165 904 1226 bellum
924 1166 1046 1248 erupit,
1062 1162 1194 1224 Messala
1208 1181 1245 1222 ex
1260 1157 1323 1222 illis
1414 1191 1416 1194 >

218 1259 395 1326 rationibus
408 1261 603 1328 undecimum
624 1281 739 1324 annum
759 1259 915 1340 ingressus
937 1277 1016 1326 erat.
1038 1259 1189 1347 [Wiesius
1203 1260 1270 1342 jam
1291 1281 1319 1320 a.

158 1362 161 1378 '
220 1363 333 1428 U.679
346 1376 452 1424 natum
465 1361 589 1436 statuit3
604 1360 657 1421 sed
673 1373 855 1437 argumenta
869 1357 949 1440 ejus,
965 1359 1175 1442 libellosupra
1186 1356 1323 1420 indicato

221 1473 378 1532 carentes,
391 1456 529 1541 adjicere
540 1479 604 1521 non
615 1453 799 1542 potuimus]

263 1560 327 1621 69:
340 1558 402 1621 Setl
422 1556 512 1620 lacile
533 1555 719 1639 intelligitur
736 1553 885 1640 juvenem
907 1554 1034 1637 ingenio
1054 1550 1321 1630 florentissimum,

220 1655 380 1718 robustum
391 1657 533 1739 juventa,
549 1657 584 1722 in
598 1659 666 1721 loro
681 1659 811 1733 clarum,
824 1672 857 1720 et
869 1653 1087 1720 vetustissimis
1100 1651 1223 1718 familiae
1234 1654 1324 1716 deco·

220 1747 308 1814 ribus
331 1773 393 1816 non
416 1752 517 1818 minus
537 1777 629 1837 quam
651 1754 806 1817 libertatis
828 1774 934 1817 amore
955 1751 1129 1834 insignem,
1150 1749 1326 1814 triumuiris

221 1850 298 1912 adeo
319 1848 489 1914 timendum
507 1851 610 1914 visum
629 1873 711 1928 esse,
733 1865 767 1913 ut
786 1872 856 1913 eum
878 1871 948 1913 cum
967 1847 1111 1912 omnibus
1129 1849 1195 1912 lere
1213 1845 1324 1909 iisdem

221 1951 415 2016 ornamentis
430 1953 650 2036 prestantibus
660 1950 907 2036 proscriberent.
929 1954 977 2016 De
991 1950 1112 2033 reliqua
1128 1962 1232 2016 autem
1244 1950 1328 2010 Mes

222 2049 294 2109 salae
303 2047 431 2130 juventa
443 2048 522 2112 nihil
531 2072 629 2134 prope
642 2048 754 2114 scitur.
770 2052 850 2112 Nam
861 2049 977 2110 cultum
987 2045 1073 2111 omni
1084 2066 1198 2127 genere
1209 2042 1323 2108 artium

221 2143 411 2221 liberalium,
432 2169 470 2211 ex
491 2148 669 2212 maturioris
688 2146 788 2211 aetatis
807 2161 962 2232 proventu
981 2145 1130 2227 colligere
1149 2165 1321 2230 possumus,

222 2246 277 2306 sed
291 2265 389 2326 neque
402 2245 514 2327 quibus
527 2245 685 2326 magistris
704 2265 770 2308 sese
791 2243 1008 2328 applicaverit,
1025 2265 1126 2328 neque
1140 2264 1215 2326 quas
1229 2239 1324 2325 potis-

222 2339 333 2404 simum
343 2341 452 2408 literas
465 2358 660 2408 consectatus
670 2347 776 2424 luerit,
788 2344 862 2408 satis
871 2347 979 2436 liquet.
996 2340 1159 2408 Ciceronis
1168 2340 1202 2403 in
1212 2339 1326 2423 primis

220 2443 389 2513 studiosum
399 2443 502 2521 luisse,
515 2445 589 2510 olim
602 2446 753 2512 creditum
764 2463 822 2522 est,
835 2452 888 2511 sed
902 2467 966 2510 non
981 2459 1082 2509 exstat
1095 2446 1162 2528 ejus
1175 2440 1222 2506 rei
1237 2441 1325 2504 testi·

222 2539 359 2604 monium
378 2556 493 2625 praeter
510 2541 688 2608 subdititiae
709 2543 779 2608 illas
800 2548 840 2608 ad
859 2547 902 2606 Μ.
921 2546 1051 2606 Brutum
1072 2539 1228 2625 epistolas.
1250 2541 1326 2602 Post

223 2658 361 2724 pugnam
375 2638 609 2725 Philippensem
625 2639 736 2726 primis
750 2640 842 2706 annis
855 2643 1028 2705 Antonium
1042 2654 1164 2703 secutus
1173 2651 1231 2712 est,
1247 2657 1324 2700 sem·

223 2759 291 2820 per,
306 2752 339 2800 ut
354 2737 421 2821 ipse
434 2745 515 2825 apud
529 2743 729 2806 Plutarchum
742 2740 777 2804 in
785 2742 860 2807 Vita
872 2740 964 2806 Bruti
984 2764 1013 2804 c.
1033 2741 1071 2804 53
1092 2738 1247 2802 confessus
1266 2751 1324 2812 est,

222 2841 262 2902 ab
276 2838 484 2904 honestissimi
499 2845 646 2926 cujusque
656 2841 799 2925 partibus
812 2847 961 2924 pendens.
978 2844 1019 2903 Et
1030 2860 1104 2902 sane
1115 2835 1252 2900 militare
1264 2842 1327 2901 An·

223 2938 302 3004 tonii
316 2938 489 3020 ingenium,
501 2948 636 3005 nondum
648 2944 819 3026 Cleopatrae
834 2941 993 3006 illecebris
1006 2954 1038 3004 et
1049 2942 1123 3004 luxu
1134 2953 1326 3023 corruptum,

223 3037 407 3108 Caesarianis
427 3039 559 3104 fallaciis
581 3056 613 3104 et
633 3043 766 3104 subdole
786 3040 978 3106 simulationi
999 3043 1231 3125 praeoptandum
1246 3052 1326 3102 erat.

143 3169 148 3174 ·
224 3137 286 3200 Sed
301 3151 369 3218 post
383 3135 602 3202 Brundisinam
616 3159 724 3221 pacem
740 3137 782 3221 (a.
796 3141 870 3227 713)
887 3154 919 3202 et
934 3137 1043 3203 iisdem
1060 3141 1214 3203 fermede
1227 3135 1328 3199 causis

224 3251 317 3320 atque
330 3239 455 3304 Asinius
468 3239 581 3319 Pollio,
597 3253 703 3325 partes
717 3239 846 3304 Antonii
861 3245 1010 3319 deseruit,
1027 3243 1199 3323 Cleopatrae
1214 3240 1279 3302 vim
1296 3253 1327 3300 et

224 3342 395 3404 luxuriosos
404 3339 535 3404 Antonii
547 3363 666 3405 amores
675 3363 813 3426 perosus.
824 3346 903 3407 Nam
914 3343 1086 3408 adulatorie
1095 3339 1173 3404 lacit
1179 3337 1325 3414 Velleius,

225 3463 294 3504 cum
307 3446 351 3520 ll,
361 3445 414 3519 tt,
430 3445 535 3506 statim
547 3457 616 3526 post
629 3465 763 3527 pugnam
774 3444 1006 3530 Philippensem
1017 3440 1209 3508 Caesarianas
1223 3455 1327 3524 partes

225 3541 399 3622 amplexum
408 3556 528 3619 namet.
542 3540 646 3604 Cesar
655 3556 757 3605 autent
766 3544 860 3606 rebus
868 3539 1013 3624 gerendis
1023 3541 1207 3622 prudentior
1216 3540 1326 3611 lactus,

225 3633 351 3698 insitam
370 3639 518 3702 sevitiam
537 3638 667 3704 lenitate
675 3634 849 3720 obtegens,
874 3638 948 3722 quid
967 3635 1038 3700 talis
1056 3639 1178 3701 valeret
1197 3634 1324 3711 amicus,

227 3732 434 3815 intelligebat.
452 3735 554 3817 lgitur
569 3737 694 3818 auguris
707 3737 880 3821 sacerdotio
896 3739 1150 3812 condecoratum‚
1167 3749 1202 3796 ut
1216 3731 1330 3795 scribit

226 3831 286 3896 Dio
295 3833 408 3910 XLIX,
423 3834 473 3908 lt,
487 3835 669 3911 Macrobss'l,
683 3836 732 3909 16,
746 3857 779 3916 p.
792 3835 849 3898 281
863 3836 912 3897 ed.
924 3834 1006 3917 Rip,
1017 3833 1126 3896 lumin
1136 3831 1329 3895 devincendo

225 3933 295 3996 Sex.
307 3931 455 4017 Pompeio
465 3935 637 4017 adjutorem
647 3930 757 3994 habuit
768 3930 811 4014 (v.
827 3930 963 4014 Appian.
977 3933 1014 3994 B.
1028 3933 1096 3995 civ.
1106 3937 1145 4008 V,
1159 3930 1218 3994 103
1231 3931 1326 4016 sqq.),

227 4042 292 4092 tum
302 4031 438 4100 Salassos
452 4033 491 4093 ab
507 4053 544 4094 eo
558 4029 689 4092 domitos
703 4029 793 4091 uidit.
814 4029 867 4092 Sic
880 4030 941 4092 Dio
952 4029 1068 4105 XLIX,
1083 4028 1135 4092 38.
1157 4030 1327 4090 Factahaec

227 4131 379 4211 expeditio
393 4153 423 4193 a.
438 4131 510 4194 tto.
527 4130 575 4190 Atl
587 4125 778 4189 consularem
786 4126 973 4205 dignitatem
986 4126 1093 4189 eodem
1107 4144 1189 4188 anno
1202 4138 1326 4189 evectus
