2916 4838
636 346 702 416 291

499 615 607 658 oulrto
630 615 685 658 PRO
709 616 849 658 sustuli.
922 645 924 650 ·

168 783 301 868 Quintil.
318 782 508 858 tv,2,1os:
525 785 746 868 Prosopopoeia
755 783 882 853 Seruius
893 783 1050 868 Sulpicius
1060 785 1157 862 autur
1168 807 1224 867 pro

127 885 277 966 Aufidia:
295 884 450 956 Somnone
472 885 503 944 tc
523 885 703 966 languidum
723 909 763 945 an
782 892 868 966 gravi
888 885 1026 968 laliargo
1052 902 1157 966 putem
1175 907 1226 964 op·

120 981 293 1064 pressum?
405 1059 408 1066 ι
436 1039 440 1047 ,
519 1027 521 1034 ·
610 1037 622 1048 .,
673 1047 675 1056 ,

171 1087 217 1150 ld.
231 1087 284 1164 Vl,
304 1085 334 1160 1,
353 1085 393 1149 20
404 1110 413 1144 ι
425 1084 603 1175 &saepius
613 1083 710 1154 idest
720 1085 923 1162 acwmtoris,
939 1085 1226 1168 auerterejudicem

127 1205 146 1246 a
161 1181 375 1256 miseratione,
386 1203 447 1264 qua
460 1203 531 1246 reus
541 1183 581 1244 sit
595 1202 715 1259 murus,
727 1197 819 1265 atque
832 1185 871 1248 ad
885 1182 1011 1246 fortiter
1026 1181 1227 1264 judicandum

126 1283 300 1350 concitare.
317 1283 412 1367 Cujus
433 1285 495 1348 loci
509 1298 557 1352 est
569 1285 664 1349 etiam
683 1301 849 1370 occupare,
873 1303 939 1367 quta
953 1281 1110 1348 dicuimm
1131 1284 1226 1346 lactu-

126 1404 236 1446 rumve
256 1383 467 1446 adversarium
482 1394 579 1464 putes.
603 1384 682 1446 Nam
696 1395 728 1444 ct
751 1383 904 1448 cautiores
924 1383 965 1448 ad
979 1381 1148 1444 custodiam
1167 1401 1227 1442 suae

126 1480 287 1560 religionis
308 1478 429 1561 judices
453 1479 528 1542 lacit
542 1492 574 1540 et
589 1480 723 1558 gratiam
747 1479 940 1564 responsuris
958 1479 1070 1556 aufert,
1088 1498 1158 1540 cum
1175 1499 1222 1553 ea,

128 1603 194 1665 quae
209 1583 356 1667 predicta
371 1581 497 1644 suntab
513 1594 704 1654 accusatore,
715 1580 794 1662 jam,
808 1581 835 1643 si
844 1603 902 1669 pro
922 1601 977 1644 reo
991 1592 1149 1664 petentur,
1165 1601 1225 1643 non

125 1682 191 1748 sint
201 1704 281 1747 uera
293 1705 301 1744 ε
314 1697 349 1744 ut
362 1681 487 1756 Servius
497 1681 646 1770 Sulpicius
660 1695 767 1742 contra
781 1683 953 1763 Aifidiam,
968 1703 1008 1744 ue
1021 1681 1221 1762 signatorum,

128 1803 169 1844 ne
183 1781 279 1863 ipsius
295 1775 464 1842 discrimen
481 1774 649 1858 objiciatur
666 1775 736 1853 sibi,
755 1769 935 1860 praemonet.

169 1884 215 1944 ld.
228 1881 269 1956 Χ,
284 1881 315 1956 l,
327 1881 366 1943 22
377 1880 478 1958 :illud
487 1899 562 1970 verp
573 1877 782 1954 utilissimum,
794 1899 884 1944 nosse
897 1899 951 1942 cas
963 1898 1082 1954 causas,
1096 1899 1226 1961 quarum
1259 1851 1329 1924 ¹75

125 1980 285 2042 orationes
294 1977 330 2038 in
345 1983 455 2064 maius
467 1974 706 2060 sumpserimus,¹
716 1991 748 2040 et
757 1977 877 2059 quotics
888 1972 1061 2056 continget,
1082 1975 1227 2056 utrinque

124 2077 245 2140 habitas
259 2076 363 2156 legere
374 2075 524 2150 actiones,
541 2089 575 2137 ut
585 2075 807 2156 ,Demosthenis
822 2087 915 2156 atque
928 2073 1081 2136 AEschiuis
1095 2075 1179 2136 iuter
1193 2095 1226 2136 se

125 2172 303 2238 contrarias
323 2184 355 2235 ct
374 2170 476 2236 Seruii
489 2171 624 2258 ‘Sulpicii
642 2183 734 2256 atque
749 2172 898 2249 Messalae,
916 2189 1045 2252 quorum
1067 2171 1147 2233 alter
1168 2190 1224 2252 pro

126 2269 260 2347 Aufidia,
273 2282 385 2333 contra
397 2268 476 2333 dixit
488 2270 579 2336 alter.
942 2269 944 2276 '

167 2369 294 2431 Festus:
315 2369 548 2448 Maact'patus...
574 2361 634 2456 [ait
655 2363 764 2453 sera]
779 2366 933 2450 Sulpicius
952 2364 986 2430 iu
1002 2386 1038 2429 ea
1052 2359 1223 2454 oratio[nc,

124 2485 215 2546 quam
234 2465 359 2548 scripsit
377 2478 409 2524 et
426 2458 550 2554 habuit]
570 2483 628 2539 pro
640 2461 779 2544 Aufidia.

157 2619 206 2670 pro
216 2595 345 2670 Aufidia]
358 2615 420 2648 cum
438 2596 465 2648 iu
482 2594 598 2663 Quintil.
611 2595 659 2660 Vl,
676 2599 701 2660 1,
715 2596 751 2646 20
766 2593 894 2666 legumus,
900 2606 1085 2674 pecusatoraen
1097 2595 1180 2648 fuisse
1194 2598 1222 2648 in

195 2701 274 2736 causa
286 2681 428 2734 Aufidiana
438 2680 559 2734 Servium
573 2679 731 2752 Sulpicium,
743 2679 771 2732 in
786 2678 838 2732 alio
851 2698 911 2732 vero
924 2677 993 2743 loco,
1010 2679 1045 2744 Χ,
1059 2684 1083 2745 l,
1093 2680 1138 2743 22,
1151 2680 1221 2752 liles-

193 2765 275 2820 salam
286 2775 378 2818 contra
390 2781 452 2816 eum
464 2763 575 2825 dixisse,
592 2762 672 2816 iudex
688 2762 815 2816 orationis
828 2761 903 2820 illius
916 2761 999 2816 luisse
1012 2761 1118 2814 vitietur
1129 2761 1222 2817 Oratio

194 2853 266 2908 Serv.
279 2851 393 2923 Sulpicii
403 2869 450 2922 pm
460 2850 574 2924 Aufidia
584 2862 676 2904 contm
685 2849 844 2915 Messalam,
855 2850 883 2901 in
897 2867 949 2920 qua
958 2847 1070 2901 Messala
1079 2847 1223 2902 detraxisse

124 2948 127 2958 ¹
195 2939 295 3011 aliquid
309 2937 420 2991 Aufidiae
433 2950 582 3003 accusetur,
591 2937 646 3004 vel,
656 2957 709 3010 qua
721 2937 888 2998 accusatione
901 2935 1034 2990 Aufidiam
1048 2947 1139 2988 contra
1150 2934 1220 2989 Mos·

192 3021 274 3074 salam
282 3021 414 3074 vindicate
423 3019 527 3073 studuit
535 3021 680 3093 Sulpicius.
696 3019 758 3074 ideo
771 3020 799 3072 iu
807 3019 924 3089 Quintil.
934 3019 1022 3090 priora
1031 3017 1090 3072 loco
1098 3032 1221 3090 corrupta

195 3105 273 3174 verba
282 3115 351 3176 puto
362 3115 390 3159 et
400 3104 528 3159 excidisse
540 3104 657 3175 aliquid:
669 3104 707 3161 sia
717 3104 789 3158 cuim
800 3103 941 3177 legendum
953 3115 1010 3156 ests
1021 3101 1123 3158 Servius
1131 3103 1220 3174 Salpi-

190 3195 245 3244 ct'as
256 3211 306 3264 pro
320 3189 432 3264 Aufidia
444 3202 533 3264 eontm
545 3189 707 3258 Messalam,
722 3196 938 3264 scripturorum,
951 3207 984 3242 ne
994 3193 1073 3261 ipsius
1084 3191 1221 3244 ᾰίεονὺιιεη
1235 3192 1237 3196 ’

193 3281 327 3352 objiciatur
341 3279 401 3342 stoi,
416 3289 567 3350 premonet.
584 3276 665 3344 [iiuic
678 3275 850 3348 conjectura,
865 3287 893 3328 et
905 3273 960 3327 illis
972 3294 1039 3347 quas
1050 3274 1221 3347 protulerunt

192 3361 310 3414 Ellendt.
327 3379 354 3432 p.
375 3363 407 3414 ld
422 3371 449 3412 et
460 3359 631 3414 Frotsclierus
643 3359 671 3412 iu
684 3358 727 3412 ed.
739 3357 802 3416 libri
815 3361 851 3424 X,
862 3378 890 3430 p.
910 3359 940 3410 ll
955 3359 1225 3430 (eontraMessalami

195 3446 337 3497 Westertu.
350 3463 377 3515 p.
389 3444 441 3497 210
454 3442 565 3516 opponit
578 3441 659 3495 totius
672 3441 724 3496 loci
735 3441 912 3512 Quintilianei
925 3442 1090 3505 senteutiam,
1101 3440 1133 3493 de
1143 3459 1219 3494 accu-

194 3524 304 3590 satione,
314 3543 369 3578 nou
377 3525 410 3579 de
421 3517 574 3586 Menalcae
586 3525 736 3597 loquentis,
751 3524 898 3598 Spaldingii
907 3522 1038 3597 judicium
1050 3525 1143 3577 merito
1154 3540 1218 3596 prae-

193 3610 290 3676 ierem,
309 3611 575 3666 eruorem-scribendi
592 3629 651 3666 esse
670 3611 845 3666 existitusntis
861 3610 966 3667 Servius
982 3604 1217 3682 Sulpicius'oontra

193 3697 349 3772 Aufidiam,
364 3718 412 3771 pio
428 3700 562 3756 Messalla
582 3711 671 3753 canoa
688 3700 759 3768 Aus.
784 3699 869 3758 Nimis
886 3699 1000 3769 denique
1017 3697 1141 3752 audacem
1159 3715 1217 3752 esse

192 3783 252 3837 ilob
270 3781 457 3837 Schneiderum
466 3785 494 3838 iu
505 3782 657 3856 reiiugeudo
666 3783 716 3835 hcc
726 3783 791 3848 loco,
802 3785 902 3852 Quaest.
913 3781 945 3834 tle
954 3782 1010 3834 Ser.
1023 3781 1100 3854 Sulp.
1111 3783 1144 3833 ll.
1155 3781 1224 3834 1Cto

194 3871 269 3923 Rom.
282 3869 358 3942 Spsc.
369 3869 381 3920 l
391 3870 475 3940 (lips.
488 3870 575 3939 183⁴),
586 3889 614 3941 p.
623 3870 678 3935 62]

540 4084 801 4113 W-
