2934 4846
788 382 831 450 11

267 517 316 590 10,
335 514 437 578 Valer.
455 518 536 579 lllax.
554 519 612 590 111,
627 519 658 593 6,
680 520 710 596 4;
731 521 787 592 lV,
805 520 833 593 l,
864 518 912 592 10,
931 516 1064 600 Appian.
1084 517 1163 578 Bell.
1187 515 1255 577 Civ.
1272 517 1297 588 l,
1316 514 1359 578 29

265 635 346 694 sqq„
363 615 518 676 Plutarch.
537 618 570 676 in
585 614 682 702 llario
701 639 729 678 c.
747 619 798 680 29.
815 615 985 678 Restitutus
999 628 1045 677 est
1065 615 1225 693 rogatione
1239 613 1362 674 Calidia

266 709 351 790 (Cic.
373 710 428 775 Or.
447 732 501 794 pro
522 714 629 775 Plane.
647 733 676 775 c.
692 715 743 790 28,
773 717 811 776 ad
829 714 919 796 Quir.
940 734 971 794 p.
985 713 1052 773 red.
1069 735 1097 775 c.
1116 711 1151 792 3)
1171 712 1362 791 deprecante

265 812 321 873 Pio
342 811 421 889 filio,
443 814 495 873 sed
511 826 580 892 post
598 815 702 876 nescio
715 817 865 895 quomodo
886 816 984 876 tracto
1001 811 1094 874 luisse
1119 810 1222 875 animo
1243 809 1362 871 dicitur

263 907 330 971 Cic.
348 911 426 989 Epp.
444 911 482 971 ad
495 910 568 972 lam.
585 913 610 986 1,
626 916 656 975 9.
675 913 714 974 Et
731 933 800 974 suas
810 909 921 975 Cicero
936 930 1005 972 cum
1019 907 1173 971 Numidici
1189 910 1281 971 rebus
1296 925 1361 968 non

264 1009 331 1070 sine
348 1009 502 1071 fastidiosa
513 1010 683 1091 jactatione
694 1031 773 1095 saepe
793 1025 965 1098 comparat,
981 1023 1015 1072 ut
1027 1009 1155 1072 fortasse
1171 1011 1246 1072 illud
1265 1007 1361 1070 etiam

263 1108 310 1168 sui
333 1110 498 1170 excusandi
513 1131 602 1173 causa
627 1132 735 1194 parum
755 1119 842 1175 certo
865 1112 1010 1175 traditum
1025 1111 1202 1192 arripuerit.
1230 1110 1278 1170 Ad
1298 1109 1362 1170 tta·

264 1209 354 1269 riana
369 1219 509 1291 tempora
524 1231 585 1272 non
601 1213 695 1286 vixit3
713 1232 812 1292 neque
830 1213 913 1274 enim
933 1209 1023 1274 Marii
1039 1211 1186 1274 sevitiam
1200 1209 1359 1271 evasisset.

262 1307 419 1369 Incertum
439 1305 563 1367 videtur
577 1319 608 1368 et
622 1325 661 1368 ex
677 1308 769 1380 fama,
789 1321 873 1369 certe
889 1311 1082 1390 pervulgata,
1106 1306 1264 1378 affirmari,
1281 1307 1355 1387 aQ.

262 1405 357 1468 Vario
372 1425 492 1467 veneno
507 1405 660 1466 sublatum
677 1427 752 1478 esse,
770 1406 838 1468 Cic.
854 1408 901 1466 De
915 1421 980 1468 nat.
997 1408 1083 1468 deor.
1100 1407 1160 1480 lll,
1178 1407 1230 1477 33,
1248 1407 1300 1468 61.

308 1504 359 1564 31.
385 1503 522 1564 Moribus
544 1502 634 1583 hujus
659 1505 718 1565 viri
739 1505 935 1566 sanctissimis
953 1517 984 1565 et
1006 1506 1039 1565 in
1064 1503 1162 1564 nobili
1186 1503 1363 1566 constantia

264 1605 393 1666 leuitate
412 1605 592 1686 temperatis
607 1604 710 1668 olfecit
727 1608 895 1669 communis
919 1606 1112 1688 optimatium
1137 1603 1283 1676 morbus,
1310 1625 1362 1665 su·

265 1702 387 1783 perbia,
412 1723 477 1784 qum
485 1702 520 1765 C.
539 1704 670 1764 Marium
681 1702 763 1765 bello
775 1704 963 1783 Jugurthino
974 1701 1034 1769 sibi
1043 1703 1177 1782 legatum
1192 1720 1254 1761 non
1265 1701 1299 1761 in
1315 1701 1364 1760 sui

266 1801 368 1876 modo,
383 1801 437 1862 sed
447 1801 480 1860 in
494 1800 593 1861 omnis
604 1802 779 1865 nobilitatis
786 1814 818 1863 et
828 1803 943 1866 civium
949 1800 1051 1864 odium
1059 1795 1270 1862 exacerbavit.
1286 1796 1364 1859 Vide

265 1900 403 1964 Sallustii
428 1904 500 1979 Jug.
534 1922 564 1962 c.
590 1902 642 1965 64.
664 1905 869 1968 Severitatem
887 1906 970 1966 enim
990 1921 1137 1966 summam
1160 1900 1286 1984 (quippe
1310 1897 1362 1978 qui

265 1997 424 2059 Lucullum
443 1997 557 2072 sororis
567 2018 629 2060 sure
641 2001 741 2063 virum
752 2021 811 2083 pro
819 2002 928 2064 rostris
934 2002 1060 2063 laudare
1070 1995 1270 2070 recusaverit,
1282 1997 1362 2075 quod

266 2095 293 2156 is
306 2096 546 2177 repetundarum
554 2097 716 2160 damnatus
727 2111 806 2174 erat,
820 2118 908 2161 soror
920 2113 1021 2160 autem
1033 2099 1113 2158 male
1124 2093 1278 2164 audiebat,
1291 2091 1359 2156 Cic.

265 2196 357 2256 Verr.
371 2198 426 2270 lV,
441 2195 491 2277 66)
500 2196 654 2274 elegantia
662 2196 824 2260 literarum
831 2199 934 2274 tinxit,
947 2219 1022 2280 quas
1030 2198 1056 2257 si
1067 2217 1129 2258 non
1144 2195 1252 2256 multas
1262 2211 1361 2274 neque

267 2295 472 2360 Ciceroniano
486 2317 572 2359 more
587 2299 690 2360 varias
698 2301 836 2377 tenebat,
852 2313 955 2362 tamen
969 2299 1102 2362 Romani
1115 2298 1209 2359 moris
1223 2295 1363 2357 tenacior

221 2453 229 2479 p
267 2407 301 2456 et
313 2392 463 2457 bonarum
479 2395 592 2458 artium
614 2417 718 2460 amore
733 2400 830 2460 cuivis
851 2399 1013 2482 aequalium
1043 2417 1101 2479 par
1121 2393 1228 2458 vocari
1249 2393 1359 2476 potuit.

266 2491 346 2554 Nam
359 2493 484 2554 Archiae
504 2493 714 2558 familiaritate
729 2517 814 2558 usum
832 2498 898 2559 Cic.
915 2499 977 2560 Pro
994 2497 1091 2559 Arch.
1112 2516 1142 2556 c.
1161 2495 1178 2556 3
1194 2492 1264 2557 coll.
1280 2492 1361 2572 Epp.

268 2593 307 2653 ad
327 2596 394 2654 Att.
419 2594 447 2667 1,
470 2592 521 2670 16,
546 2608 577 2656 et
590 2595 635 2656 ib.
658 2600 802 2672 Ernesto,
824 2596 996 2662 Carneadis
1015 2597 1080 2679 jam
1098 2595 1179 2657 senis
1193 2591 1363 2670 auditorem

266 2693 349 2754 idem
367 2695 414 2754 De
429 2706 510 2755 orat.
531 2695 602 2771 lll,
632 2695 683 2771 18,
705 2698 855 2775 ostendit;
880 2697 992 2758 AElium
1017 2696 1165 2760 Stilonem
1185 2691 1362 2770 magistrum

268 2791 361 2851 etiam
372 2793 474 2853 exsilii
489 2793 632 2854 comitem
645 2795 753 2856 habuit
772 2795 875 2877 (Suet.
892 2797 939 2858 De
951 2795 997 2857 ill.
1014 2813 1143 2875 gramm.
1169 2811 1196 2852 c.
1217 2789 1265 2874 3).
1286 2791 1364 2851 Inde

267 2886 403 2968 iniquius
416 2888 601 2954 Ciceronem
616 2893 706 2953 Brut.
724 2912 752 2952 c.
763 2894 801 2955 35
815 2890 967 2972 judicasse
986 2905 1086 2973 putes,
1105 2908 1174 2950 cum
1189 2908 1207 2949 a
1221 2883 1361 2959 Velleio,

269 2988 312 3061 ll,
331 2988 383 3064 10,
396 2990 480 3052 inter
494 3004 631 3054 oratores
645 3005 836 3068 numeretur,
853 3005 944 3073 atque
959 2996 998 3054 Α.
1009 2990 1111 3054 Gellio
1134 2993 1174 3062 V,
1190 2993 1220 3065 63
1237 2991 1291 3060 Vl,
1310 2988 1361 3048 11.

269 3104 333 3146 nou
348 3087 453 3164 gravis
465 3090 566 3165 modo,
590 3089 747 3151 sedetiam
761 3087 892 3150 disertus
906 3089 956 3151 vir
971 3088 1102 3152 dicatur.
1116 3092 1243 3151 Lectum
1264 3097 1363 3147 autem

272 3197 304 3247 et
322 3187 480 3251 laudatum
500 3190 588 3271 hujus
603 3192 740 3252 auctoris
764 3203 903 3273 tempore
925 3205 1049 3253 nonest
1071 3191 1196 3251 mirum.
1222 3187 1275 3251 Sic
1295 3207 1362 3250 cum

269 3284 426 3366 Scipione,
452 3289 569 3352 Catone
590 3302 621 3351 et
634 3290 787 3354 Gracchis
801 3291 893 3352 etiam
908 3288 1060 3353 Frontoni
1074 3301 1233 3369 acceptum
1251 3300 1282 3348 et
1295 3287 1363 3347 imi·

269 3387 387 3450 tatione
408 3386 535 3469 dignum
551 3392 648 3452 visum
669 3391 878 3470 Numidicum,
896 3410 934 3453 ex
947 3391 1030 3454 illius
1043 3391 1123 3470 Epp.
1152 3388 1191 3448 ad
1205 3388 1248 3448 Μ.
1264 3387 1361 3450 Cesa-

270 3503 338 3547 rem
360 3485 401 3560 ll,
424 3486 454 3561 1,
475 3509 506 3569 p.
532 3488 572 3551 46
592 3490 642 3551 ed.
662 3490 765 3552 Berol.
799 3487 847 3570 (1,
870 3491 901 3563 6,
926 3509 957 3570 p.
978 3489 1015 3548 15
1038 3486 1086 3548 ed.
1104 3486 1216 3561 Rom.)
1236 3484 1362 3547 manile·

270 3593 351 3642 stum
366 3595 431 3642 est.

311 3683 438 3744 Factum
459 3686 548 3762 inda,
569 3687 648 3767 quod
668 3687 742 3748 satis
754 3688 881 3750 idoneas
896 3687 1070 3747 orationum
1082 3682 1227 3762 reliquias
1242 3695 1363 3746 exstare

272 3782 447 3858 videmus...
464 3779 558 3873 [Vir.
571 3809 603 3869 p.
623 3785 786 3874 1351361
803 3789 850 3848 Ex
871 3785 1013 3865 Epistolis
1027 3786 1066 3847 ad
1080 3785 1138 3848 Gn·
1161 3802 1192 3848 et
1208 3783 1244 3844 L.
1262 3784 1364 3845 Domi·

271 3881 342 3957 lios,
360 3901 487 3963 quorum
505 3887 585 3948 alter
599 3905 668 3948 cum
679 3889 716 3947 L.
734 3885 849 3959 Cassio,
873 3885 953 3945 alter
964 3904 1033 3944 cum
1047 3882 1084 3945 C.
1101 3883 1194 3945 Caelio
1209 3880 1279 3944 Cos.
1295 3879 1359 3957 init,

272 3979 402 4043 aGellio
415 3983 575 4063 particulae
591 3985 725 4062 quedam
737 3982 908 4043 afferuntur
923 3983 992 4055 XV,
1016 3982 1071 4059 133
1089 3980 1193 4052 XVll,
1211 3978 1242 4039 2.

315 4079 365 4140 35.
390 4082 444 4142 llis
459 4080 666 4160 adjungantur
685 4077 761 4140 viris
779 4081 813 4138 C.
827 4092 858 4139 et
873 4080 911 4139 t.
930 4081 1077 4140 Memmii
1088 4079 1207 4140 iratres.
1226 4079 1265 4139 Et
1277 4077 1363 4140 Lucii

272 4179 394 4258 quidem
423 4177 579 4256 pertenuis
604 4177 762 4240 memoria.
791 4179 869 4241 Nam
894 4189 1007 4263 praeter
1034 4179 1118 4240 locos
1143 4175 1360 4241 Ciceronianus
