2954 4840
654 297 720 368 att

457 543 624 615 LXXXI.
654 545 701 615 M.
734 545 910 618 Caecilius.

137 747 143 774 '¹
182 745 264 810 Plio.
282 748 321 807 H.
334 748 372 808 N.
388 746 554 822 xxv1t‚2
574 768 582 807 ι
600 747 742 824 Constat,
767 747 906 809 omnium
929 728 1118 810 venenorum
1133 747 1249 816 scisso.

138 871 224 913 mum
236 869 301 911 esse
317 847 486 921 aconitum,
501 863 533 911 et
548 850 639 912 tactis
652 869 771 929 quoque
785 845 972 928 genitalibus
986 846 1127 912 feminini
1148 871 1239 915 sexus

138 945 320 1012 animalium
341 947 448 1010 eodem
469 946 518 1008 die
538 943 656 1009 inferre
671 958 814 1009 mortem.
837 947 903 1008 Hoc
918 947 976 1008 luit
995 967 1161 1022 venenum,
1178 970 1238 1031 quo

135 1052 341 1131 interemptas
356 1049 546 1111 dormientes
563 1045 765 1130 aCalpurnio
786 1043 890 1110 Bestia
904 1069 1015 1111 uxores
1029 1051 1076 1112 M.
1095 1050 1237 1112 Caecilius

136 1159 299 1212 accusator
315 1149 444 1230 objecit.
461 1149 543 1212 Hinc
556 1147 610 1209 illa
631 1159 721 1211 atrox
734 1148 891 1230 peroratio
906 1148 973 1230 ejus
983 1149 1017 1210 in
1032 1145 1174 1227 digitum.

172 1291 213 1341 M.
231 1287 368 1358 Coecila'us]
389 1287 568 1342 Ruhnkenius
590 1287 704 1340 correxit
728 1287 769 1340 M.
791 1285 907 1348 Calas,
931 1299 961 1338 ut
977 1286 1055 1339 modo
1077 1286 1191 1340 diximus
1209 1289 1236 1339 in

208 1375 371 1445 Argumento
382 1374 419 1424 M.
432 1370 510 1424 Goelii
523 1371 597 1436 Rufi,
612 1369 780 1423 adnotatione
794 1369 910 1422 secunda
926 1390 933 1421 a
948 1389 1008 1423 oum
1028 1382 1115 1424 autem
1128 1389 1239 1444 prorsus

208 1459 331 1530 ignotum
344 1459 389 1521 sit,
403 1457 580 1529 Calpurnium
594 1458 731 1509 Bestiama
744 1459 780 1508 M.
801 1455 885 1508 Coelio
899 1455 971 1508 Rufo
991 1454 1111 1508 veneficii
1130 1473 1237 1508 accusa-

209 1555 354 1608 tamesae,
377 1541 459 1596 malui
477 1556 620 1612 utrumque
641 1554 770 1595 oratorem
791 1559 909 1594 seorsum
927 1553 1048 1594 tractare.
1075 1541 1130 1594 Nee
1149 1553 1237 1594 tamen

208 1628 291 1700 magis
308 1627 419 1698 probare
432 1644 583 1697 possumus,
602 1624 663 1694 quis
683 1624 720 1675 ait
740 1623 787 1674 ille
806 1627 843 1676 M.
866 1623 1001 1686 Caecilius,
1018 1623 1116 1694 dequo
1133 1621 1238 1675 Plinius

207 1709 338 1778 loquitur,
352 1728 429 1780 quam
443 1707 523 1772 illud,
537 1707 608 1778 quod
623 1705 803 1758 Ruhnkenius
816 1706 911 1768 voluit,
925 1707 1044 1778 quamvis
1054 1709 1118 1760 satis
1127 1707 1162 1759 sit
1174 1726 1238 1778 pro-

209 1793 307 1844 babile.
325 1793 392 1844 Nam
410 1795 447 1846 M.
469 1791 572 1845 Goelius
594 1803 730 1844 accusator
755 1790 835 1863 vulgo
860 1791 1055 1844 nominabatur.
1075 1791 1240 1860 Calpurnius

209 1875 316 1944 quidem
329 1875 415 1928 Bestia
428 1895 452 1928 a.
474 1875 523 1928 697
544 1874 662 1926 anestia
679 1891 732 1944 quo
745 1873 861 1925 ambitus
879 1891 940 1926 reus
953 1873 1095 1946 estfactum
1112 1872 1239 1926 Cicerone

208 1961 376 2016 defendente.
390 1962 447 2014 Cio.
460 1961 546 2033 Epist.
560 1959 593 2013 ad
606 1960 739 2028 Quianam
753 1961 796 2012 Fr.
811 1959 846 2022 ll,
863 1960 888 2012 3.

454 2140 635 2213 Lxxxtt.
665 2142 716 2210 M.
744 2137 913 2211 Calidius.

495 2235 672 2334 [Ellendt.
688 2263 725 2334 p.
748 2239 792 2311 76
804 2235 882 2336 sq.]

178 2441 246 2504 Cio.
263 2443 353 2504 Brut.
371 2460 400 2502 c.
426 2442 478 2514 79,
506 2439 567 2502 274
584 2461 591 2499 :
609 2441 650 2498 M.
671 2438 809 2501 Calidius
830 2460 893 2503 non
914 2440 973 2502 tuit
997 2453 1104 2504 orator
1118 2461 1197 2506 unm
1220 2465 1238 2504 e

136 2542 254 2614 multis,
268 2542 373 2622 potius
386 2540 470 2604 inter
484 2541 597 2602 multos
610 2558 707 2620 prope
724 2539 890 2618 singularis
908 2539 983 2613 iuit;
1003 2538 1048 2603 ita
1062 2544 1239 2604 reconditas

133 2638 361 2718 exquisitasque
384 2635 557 2700 sententias
584 2635 686 2698 mollis
706 2647 738 2697 et
763 2636 923 2717 pelluoens
949 2636 1099 2698 vestiebat
1125 2639 1237 2700 oratio.

136 2739 222 2802 Nihil
244 2753 307 2802 tam
330 2751 472 2802 tenerum
492 2759 583 2820 quam
605 2735 689 2800 illius
713 2737 947 2820 comprehensio
963 2738 1144 2812 verborum,
1161 2737 1240 2802 nihil

136 2851 200 2900 tam
222 2837 367 2914 flexibile,
396 2837 486 2911 nihil,
515 2841 595 2920 quod
618 2837 715 2920 magis
728 2837 824 2919 ipsius
846 2836 978 2900 arbitrio
999 2836 1180 2918 fingeretur,
1206 2851 1240 2899 ut

135 2938 252 3000 nullius
269 2939 403 3002 oratoris
416 2957 502 3020 teque
517 2942 551 3002 in
565 2951 717 3024 potestate
731 2935 845 3000 luerit:
868 2957 936 3021 quae
950 2940 1085 3022 primum
1096 2937 1141 3002 ita
1160 2959 1239 3023 pura

134 3051 215 3112 erat,
236 3051 272 3100 ut
286 3039 366 3100 nihil
385 3038 548 3120 liquidius3
565 3041 609 3102 ita
622 3039 725 3102 libere
737 3036 864 3113 fluebat,
881 3052 1078 3121 utnusquam
1098 3042 1237 3104 adhaere-

134 3152 253 3218 soeret;
281 3137 398 3202 nullum
419 3137 481 3204 nisi
501 3141 569 3204 loeo
586 3136 727 3222 'positum
751 3151 783 3202 et
804 3151 961 3221 tamqnam
982 3141 1016 3202 in
1036 3141 1238 3204 vermiculato

137 3239 333 3310 emblemate,
347 3249 381 3300 ut
392 3238 436 3300 ait
448 3236 596 3316 Lucilius,
611 3251 763 3301 structum
777 3237 908 3300 verbum
917 3239 1042 3302 rideres
1050 3267 1061 3318 5
1082 3260 1141 3302 neo
1162 3261 1237 3305 vero

135 3337 229 3404 ullum
241 3349 293 3397 ant
311 3335 422 3398 durum
439 3349 492 3398 aut
503 3336 640 3398 insolens
655 3335 834 3398 authumile
845 3349 897 3398 aut
908 3333 1029 3416 longius
1043 3337 1184 3413 ductum3
1200 3356 1237 3398 ac
1264 3367 1274 3380 ·

135 3453 199 3496 non
209 3432 337 3517 propria
351 3432 450 3498 rerba
463 3454 581 3510 renim,
595 3435 649 3496 sed
658 3435 806 3516 pleraque
819 3436 946 3508 tralata,
962 3437 1009 3498 sio
1021 3449 1138 3509 tamen,
1151 3446 1187 3495 nt
1200 3456 1236 3498 ea

135 3554 201 3596 non
215 3535 342 3598 irruisse
355 3535 388 3597 in
402 3536 535 3599 alienum
550 3534 663 3612 locum,
684 3536 738 3598 sed
752 3534 943 3617 immigrasse
954 3537 988 3598 in
1001 3555 1088 3597 snum
1103 3533 1234 3601 diceres.

178 3635 255 3717 Cap.
272 3635 324 3710 80,
351 3637 412 3700 276
430 3659 437 3698 ι
454 3637 516 3701 Sed
531 3658 600 3700 oum
621 3637 746 3705 anobis
763 3638 855 3720 paulo
874 3651 947 3700 aute
966 3636 1086 3700 dietum
1101 3638 1155 3710 ait,
1174 3638 1236 3700 tria
1261 3624 1334 3704 200

135 3734 237 3798 videri
256 3755 333 3811 esse,
350 3757 416 3818 quaa
437 3752 545 3802 orator
557 3737 678 3802 efficere
694 3739 835 3818 deberet,
852 3753 886 3801 ut
899 3741 1036 3815 doceret,
1052 3753 1087 3802 ut
1105 3739 1234 3803 delecta·

136 3850 197 3913 ret,
212 3851 248 3899 ut
257 3851 397 3901 moveret
413 3859 422 3899 ι
443 3840 502 3902 duo
526 3858 644 3902 summe
659 3827 769 3918 tenuit,
793 3856 828 3904 ut
838 3854 870 3904 et
883 3860 950 3903 rem
963 3839 1134 3904 illustraret
1144 3839 1235 3902 disse·

137 3935 235 3999 rendo
248 3948 281 3998 et
293 3932 411 3998 animos
425 3957 543 4015 eorum,
561 3940 614 4020 qui
628 3938 781 4015 audirent,
797 3937 970 4002 devinciret
984 3936 1162 4020 voluptate3
1182 3935 1234 3998 ab·

136 4047 206 4097 erat
229 4033 325 4098 tertia
349 4035 402 4097 illa
424 4035 499 4107 taus,
520 4057 580 4118 qua
594 4052 790 4121 permoveret
811 4051 901 4120 atque
922 4037 1070 4102 incitaret
1092 4036 1232 4098 animos:

136 4156 194 4198 nec
206 4148 275 4198 erat
289 4137 350 4199 ulla
364 4134 413 4200 vis
428 4149 518 4217 atque
534 4138 705 4230 contentio.
