2954 4840
766 336 835 407 342

252 491 376 540 caretur
395 480 433 539 ad
452 477 553 540 subita
572 477 776 560 extemporali
791 479 947 541 facultate.
960 511 1002 522 —
1023 479 1061 538 C.
1077 475 1136 540 86:
1156 477 1265 539 Genus
1285 474 1349 534 elo·

252 573 365 657 quendi
380 588 502 639 secutus
516 588 563 638 est
576 577 700 656 elegans
720 589 752 638 et
771 588 988 658 temperatum,
1002 575 1108 636 vitatis
1124 568 1350 635 sententiarum

251 672 378 758 ineptiis
395 689 487 758 atque
506 676 719 740 concinnitate
739 689 770 738 et
791 673 1024 739 reconditorum
1037 675 1219 747 verborum,
1238 685 1272 733 ut
1285 672 1353 753 ipse

251 774 338 846 dicit,
352 773 522 836 foetoribns.

292 871 388 953 Epist.
404 870 572 932 Frontonis
586 871 624 932 ad
638 873 755 934 Verum
775 891 808 953 p.
824 869 880 934 tut
900 871 952 932 ed.
970 869 1080 932 Rom:
1097 865 1213 929 Caesari
1230 865 1354 946 quidem

250 971 427 1034 facultatem
449 971 572 1034 dicendi
594 972 685 1035 video
706 973 944 1054 imperatoriam
964 969 1066 1042 fuisse,
1091 971 1263 1047 Augustum
1276 987 1354 1030 vero

249 1069 353 1131 mccli
365 1069 481 1132 residui
494 1070 652 1149 eleganter
667 1081 699 1131 et
713 1071 839 1144 latine,
856 1069 967 1148 lingue
980 1069 1075 1130 etiam
1089 1077 1156 1126 tum
1170 1066 1294 1144 integro
1309 1064 1353 1126 le·

252 1185 326 1248 pure
336 1168 439 1251 potius
450 1187 540 1249 qnam
551 1167 676 1230 dicendi
686 1168 829 1230 ubertate
841 1165 1000 1249 proeditum
1013 1177 1096 1248 puto.

284 1347 427 1418 eleganter]
440 1344 581 1418 legendum
594 1344 721 1398 fortassee
733 1343 817 1398 seculi
826 1345 931 1398 residua
941 1342 1085 1418 elegantia,
1098 1349 1126 1396 ef
1140 1340 1242 1396 natine
1260 1339 1358 1412 ltirguoe

319 1428 397 1482 είίαπι
410 1435 465 1480 tum
477 1428 577 1500 integro
588 1429 672 1499 lepore
686 1440 735 1480 ete.

291 1598 389 1660 Tacit.
403 1596 517 1658 Annal.
528 1597 617 1672 Xlll,
630 1596 668 1660 3:
685 1601 820 1677 Augusto
833 1604 977 1682 prompta
991 1619 1029 1664 aa
1041 1598 1207 1683 profluens,
1221 1615 1286 1677 quae
1301 1597 1355 1658 de-

250 1711 336 1762 ceret
347 1698 532 1782 principem,
545 1699 721 1782 eloquentia
732 1701 801 1762 fuit.

292 1798 331 1858 lu
340 1796 444 1862 Gellio
454 1799 522 1873 XV,
534 1799 566 1871 7,
585 1794 714 1878 Augusti
724 1797 913 1880 praedicatur
924 1797 1078 1877 elegantia
1092 1796 1242 1861 orationis
1253 1813 1354 1876 neque

250 1913 374 1958 morosa
388 1915 486 1976 neque
499 1895 596 1958 anxia
607 1897 661 1958 sed
672 1896 772 1960 facilis
783 1897 891 1959 hercle
900 1909 932 1958 et
942 1896 1085 1979 simplex.

291 1994 422 2076 Quintil.
435 1993 504 2068 llll,
517 1996 548 2070 6,
561 1996 588 2055 1:
598 1997 702 2058 Caesar
711 1999 862 2076 Augustus
872 1995 1034 2059 duodecim
1044 2015 1143 2058 annos
1153 1995 1355 2057 uatusavfam

246 2115 306 2172 pro
318 2100 427 2156 rostris
438 2096 580 2158 Ιαυάανὶι.

290 2196 418 2256 Sueten.
430 2197 542 2259 Octav.
557 2217 585 2257 c.
601 2197 619 2258 8
630 2219 638 2257 ι
650 2198 874 2260 Duodecimum
887 2218 1003 2260 annum
1018 2217 1111 2278 agens
1124 2201 1225 2260 ανίοηι
1235 2195 1354 2254 laelium

249 2295 425 2372 deficuctam
432 2315 491 2372 pro
503 2300 647 2356 concione
657 2297 797 2360 ἀιιιάανιι.

286 2475 412 2544 laudavit]
427 2494 450 2530 a.
462 2478 523 2541 tot,
533 2495 595 2529 cnm
606 2461 677 2530 anno
686 2479 739 2532 690
747 2491 803 2532 erat
815 2491 904 2531 natus.
919 2477 1041 2532 Dubitari
1051 2489 1136 2531 tamen
1146 2487 1242 2548 potest,
1251 2493 1288 2528 an
1297 2475 1357 2528 haec

319 2558 436 2612 laudatio
449 2561 485 2613 sit
496 2579 613 2631 unquam
624 2561 704 2614 edita.

292 2723 352 2784 Dio
365 2723 445 2798 LIV,
464 2723 503 2785 35
523 2745 531 2784 2
548 2737 598 2793 Τὴν
614 2735 745 2789 Ὀκταυΐαν
759 2740 801 2794 τὴν
821 2736 929 2808 ἀδελφὴν
945 2739 1109 2790 ἀποθανοῦσαν
1129 2739 1241 2809 προέθετο
1256 2737 1296 2791 ἀπὶ
1310 2734 1354 2790 τοὖ

250 2817 347 2870 Ἰουλίου
360 2817 447 2888 ἡρῴου,
460 2819 669 2890 παραπετάσματι
680 2819 723 2872 καὶ
735 2820 790 2872 τότε
803 2820 843 2872 ἀπὶ
856 2829 900 2875 τοῦ
914 2827 997 2894 νεκροῦ
1012 2821 1168 2893 χρησάμενσς·
1184 2819 1227 2873 καὶ
1241 2821 1313 2882 αὐτός
1327 2843 1355 2874 τε

250 2915 300 2964 ἐκεῖ
317 2913 356 2964 τὀν
374 2913 498 2983 ἐπιτάφιον
514 2909 576 2968 εἷπε.
593 2905 725 2967 Octavia
741 2925 830 2970 801·οΓ
842 2907 907 2968 Vita
918 2929 947 2969 a.
963 2909 1003 2973 U.
1022 2903 1097 2968 741.

289 2999 349 3059 Dio
364 2999 445 3071 LIV,
463 2998 525 3061 28:
543 3013 590 3064 Τὸν
609 3011 751 3085 Ἀγρίππαν
764 3015 804 3067 τὸν
823 3017 953 3073 τεθνηκότα
967 3019 1018 3068 ἕστε
1033 3016 1060 3068 τὸ
1079 3018 1136 3069 uictu
1150 3017 1177 3070 τὸ
1191 3024 1263 3088 σῶμα
1279 3019 1353 3070 αὐτοῦ

248 3096 370 3168 ἐσεκόμισε
383 3097 426 3149 καὶ
439 3099 504 3168 ἐντῇ
522 3099 601 3173 ἀγορᾷ
615 3101 740 3172 προέθηκε,
754 3105 831 3156 τόντε
847 3105 917 3178 λόγον
931 3105 970 3156 τὸν
985 3101 1025 3156 ἐπ’
1039 3105 1112 3156 αὐτοῦ
1126 3097 1191 3170 εἷπε,
1204 3106 1355 3176 παραπέτα-

247 3192 298 3262 σρά
311 3211 336 3242 τι
347 3191 394 3263 πρὸ
409 3198 450 3245 τοῦ
460 3195 708 3265 ναρσοπαρατιίνας.
726 3227 759 3239 -
775 3187 913 3268 Agrippa
924 3187 1057 3249 decessit
1068 3187 1161 3248 evita
1172 3208 1201 3248 a.
1219 3187 1258 3252 U.
1277 3187 1353 3248 741.

289 3277 350 3340 Dio
371 3277 427 3340 lib·
443 3280 508 3349 LV,
524 3279 565 3340 2:
582 3291 630 3344 Καὶ
645 3295 717 3347 αὐτοῦ
736 3295 861 3365 (Δρούσου)
876 3297 897 3347 ἐν
913 3301 944 3364 τῇ
965 3295 1044 3369 ἀγορᾷ
1057 3297 1210 3367 προτεθέντος
1230 3292 1354 3356 ἀιπλοῦςὸ

249 3372 373 3440 ἐπιτάφιος
386 3375 479 3440 cepta.
494 3377 527 3427 ·'0
540 3394 566 3427 τε
580 3373 629 3448 γὰρ
642 3377 747 3448 Τιβέριος
768 3381 869 3430 ἐνταῦθα
887 3381 958 3432 αὐτὸν
975 3380 1073 3448 ἐπῄνεσε
1087 3377 1130 3430 καὶ
1144 3383 1156 3432 ὁ
1172 3381 1310 3452 Αὔγουστος
1330 3383 1354 3432 ἐν

247 3478 281 3542 τῷ
295 3472 417 3544 Φλαμινίῳ
432 3471 585 3547 ἱπποδρόμῳ.
599 3503 633 3518 -
646 3465 889 3537 Drusus‚.Liviae
900 3465 992 3540 filius,
1006 3463 1146 3528 mortuus
1166 3485 1194 3526 a.
1213 3470 1256 3535 U.
1275 3467 1353 3530 744.

289 3569 375 3631 Suet.
389 3572 498 3634 Claud.
514 3593 542 3634 c.
560 3573 594 3633 1:
613 3575 800 3638 Defunctum
813 3578 949 3638 Drusum
972 3577 1016 3638 ita
1039 3598 1096 3660 pro
1118 3574 1272 3641 concione
1286 3579 1354 3641 lau·

150 3701 221 3774 225
249 3667 334 3728 davit
357 3671 522 3748 Augustus,
540 3687 571 3730 ut
591 3673 664 3733 deos
682 3690 826 3751 precatus
847 3680 902 3748 sit,
927 3676 1048 3737 similes
1070 3681 1102 3736 οι·
1117 3675 1260 3738 Caesares
1281 3698 1355 3738 suos

239 3766 399 3844 facerem,
416 3767 533 3852 sibique
546 3783 610 3827 tam
622 3767 779 3830 honestum
793 3773 972 3856 quandoque
985 3776 1102 3833 exitum
1116 3774 1237 3843 darent,
1253 3794 1354 3856 'quam

249 3861 296 3920 illi
310 3861 469 3924 dedissem.
494 3866 562 3926 Nec
577 3875 753 3942 contentus,
777 3868 910 3946 elogium
930 3867 996 3948 ejus
1016 3869 1156 3934 versibus
1176 3890 1195 3932 a
1215 3889 1247 3931 se
1267 3889 1354 3932 com·

246 3962 356 4044 positis
375 3966 595 4046 exsculpsisae,
613 3965 707 4030 etiam
722 3967 794 4030 vitoe
808 3969 989 4034 memoriam
1003 3991 1095 4054 prosa
1109 3973 1250 4037 oratione
1270 3991 1352 4034 oom-

248 4075 359 4140 posutt.
503 4075 505 4080 '
977 4082 981 4091 ’
1218 4092 1220 4098 ·
1343 4077 1346 4084 ’

288 4161 416 4228 Servius
426 4163 459 4226 in
470 4164 559 4244 Virg.
573 4167 641 4230 AEn.
651 4167 678 4244 l,
691 4165 764 4230 712:
777 4167 896 4234 Devota
908 4171 945 4233 de
956 4169 1096 4236 oratione
1110 4171 1240 4250 Augusti
1251 4184 1355 4234 traus-
