2954 4840
660 381 728 452 353

142 513 191 574 nis
202 514 355 575 actionem
364 510 504 573 habitam
516 532 575 595 pro
587 516 705 587 eodem,
716 537 785 578 cnm
793 515 923 580 alteram
935 533 1054 603 partem
1069 525 1143 586 satis
1154 545 1242 589 nosse

145 629 207 672 non
221 622 323 692 posset
337 629 376 671 ex
390 610 454 671 sola
469 611 659 675 defensione.

185 711 303 773 Seneca
324 711 448 772 Suasor.
467 713 537 783 Vll,
564 731 596 794 p.
623 713 685 774 tt.
701 710 777 776 Erat
791 711 912 778 Cestius
928 715 1040 779 nullius
1055 719 1177 865 quidem
1199 721 1243 782 ιιι·ι

142 812 237 888 genii,
253 808 400 873 Ciceroni
415 812 508 872 etiam
524 811 663 874 infestus.

185 912 426 994 Hieronymus'
417 929 451 974 ιιι
477 911 637 976 Chronico
662 917 773 978 Euseb
799 918 838 978 ad
857 917 980 1000 Olymp
1015 920 1099 983 191·
1123 922 1245 984 Cestius

143 1008 317 1090 Smyrnaeus
331 1011 439 1073 rhetor
453 1007 550 1075 latine
562 1013 666 1116 Rome
677 1014 782 1075 docuit
796 1013 869 1100 (non
885 1017 1015 1078 multum
1030 1031 1100 1100 post
1114 1035 1245 1082 mortem

145 1103 291 1185 Virgilii).

186 1217 233 1279 De
248 1217 350 1281 Cestio
367 1220 492 1302 ejusque
512 1238 627 1301 genere
643 1221 768 1285 dicendi
784 1224 905 1286 disserit
926 1227 1099 1290 Schlosser.
1114 1231 1148 1292 in
1163 1229 1246 1293 libro

150 1314 382 1377 Universullu'st.
404 1318 531 1378 UeberS.
549 1320 612 1381 vol.
625 1341 672 1391 ιιι,
684 1335 767 1402 part.
783 1322 811 1395 l,
826 1342 857 1404 p.
878 1323 939 1385 392
953 1341 1020 1406 sqq.

323 1521 457 1594 XCIX.
487 1523 686 1638 Mamercus
714 1523 872 1598 AEmilius
901 1529 1065 1602 Scaurus

189 1725 308 1786 Seneca
322 1723 472 1785 Controv.
488 1721 543 1783 lib.
568 1741 599 1784 ι.
620 1724 705 1804 prael.
732 1746 764 1805 p.
785 1725 844 1786 347
866 1733 907 1808 (p.
927 1729 986 1788 318
1003 1733 1052 1792 ed.
1075 1733 1181 1820 Bip.):
1200 1739 1248 1801 De

143 1823 262 1886 Scauro
280 1823 369 1882 sime
383 1821 597 1900 interrogatis,
623 1841 693 1883 cnm
709 1822 796 1884 illum
812 1845 932 1888 mecum
953 1829 1126 1906 audientis,
1150 1831 1249 1917 iniqui

145 1921 230 1985 estis.
248 1925 318 1986 Non
331 1919 405 1985 novi
420 1941 614 2004 quemquam,
633 1923 718 2004 cujus
729 1922 857 2004 ingenio
870 1928 999 2009 populus
1007 1931 1165 1996 Romanus
1180 1957 1249 2020 per·

146 2023 281 2087 tinacius
304 2023 471 2104 ignoverit.
494 2024 629 2086 Dicebat
653 2026 848 2105 negligenter
868 2047 945 2111 saepe
968 2051 1093 2095 eausam
1121 2035 1155 2098 in
1176 2039 1251 2120 ipsis

148 2122 319 2199 subselliis3
336 2133 424 2207 saepe,
446 2126 518 2186 dum
533 2124 689 2200 amicitur,
714 2125 838 2188 dicebat
857 2149 865 2187 ι
882 2128 994 2192 deinde
1009 2132 1144 2213 litiganti
1167 2135 1250 2200 simi-

149 2224 210 2286 lior
225 2243 316 2304 quam
331 2222 446 2302 agenti,
473 2219 616 2304 cupiebat
637 2242 769 2284 evocare
784 2221 918 2305 aliquam
932 2245 1041 2290 vocem
1055 2232 1249 2297 adversario·

150 2339 220 2382 rum
234 2331 267 2383 et
284 2321 319 2382 in
336 2320 540 2382 altercatione
554 2317 639 2382 vires
659 2337 729 2380 snas
748 2333 890 2382 noverat.
908 2321 992 2385 Nihil
1007 2339 1076 2389 erat
1088 2328 1142 2390 illo
1158 2350 1250 2395 venu-

144 2419 233 2497 stius,
253 2419 330 2483 nihil
344 2421 500 2502 paratius:
519 2440 616 2498 genus
626 2419 749 2480 dicendi
760 2417 932 2500 antiquum,
945 2425 1113 2490 verborum
1128 2451 1249 2515 quoqne

146 2540 209 2582 non
222 2518 398 2596 vulgarium
411 2517 560 2596 gravitas,
576 2519 642 2598 ipse
658 2516 758 2578 cultus
771 2515 955 2598 habitusque
967 2527 1108 2604 corporis
1123 2530 1203 2592 mire
1211 2535 1250 2594 ad

150 2616 365 2679 auctoritatem
376 2617 545 2678 oratoriam
562 2627 695 2695 aptatus.
711 2614 773 2678 Sed
784 2632 821 2674 ex
836 2615 874 2674 iis
888 2617 1030 2679 omnibus
1041 2621 1121 2684 scire
1129 2645 1246 2706 posses,

151 2738 214 2780 non
230 2729 378 2800 quantum
392 2729 548 2779 oratorem
559 2727 720 2799 praestaret
737 2715 882 2789 Scaurus,
900 2718 954 2780 sed
970 2733 1117 2800 quantum
1132 2727 1251 2791 desere.

151 2835 213 2882 ret.
233 2819 390 2898 Pleraeque
404 2819 541 2883 actiones
555 2816 652 2892 malae,
676 2812 709 2878 in
725 2818 866 2880 omnibus
890 2832 994 2883 minen
1010 2823 1131 2905 aliquod
1146 2833 1252 2910 magni

150 2918 343 2998 neglectique
357 2917 475 2995 ingenii
490 2918 652 2995 vestigium
665 2915 807 2978 exstabat
819 2945 828 2995 5
846 2933 920 2980 raro
942 2919 1046 3002 aliqua
1060 2923 1143 2987 actio
1154 2927 1248 3002 bona,

150 3020 205 3080 sed
220 3039 312 3100 quam
326 3019 458 3079 fortunae
467 3019 648 3102 imputares.
666 3017 725 3080 Sed
738 3019 825 3080 illum
836 3019 940 3099 longa,
957 3022 1021 3086 imo
1031 3041 1182 3109 perpetua
1197 3033 1250 3095 de-

150 3113 229 3178 sidia
237 3131 274 3177 eo
284 3117 484 3196 perduxerat,
496 3127 531 3176 ut
541 3111 618 3176 nibil
631 3133 741 3176 curare
752 3114 858 3192 vellet,
874 3115 950 3179 nihil
963 3137 1073 3200 posset.
1090 3129 1252 3190 Orationes

154 3231 270 3296 septem
284 3215 388 3290 edidit,
402 3237 472 3299 quce
485 3215 594 3274 deinde
607 3231 725 3276 serratus
741 3217 880 3276 consulto
891 3219 1058 3283 combustae
1072 3241 1149 3285 sunt.
1166 3227 1251 3292 Bene
1347 3298 1349 3302 ,
1433 3238 1435 3244 ’

154 3335 225 3376 cum
235 3311 298 3374 illis
308 3308 389 3391 ignis
401 3322 518 3390 egerat.
575 3309 578 3314 ’

194 3406 298 3472 Tacit.
314 3413 397 3470 Anu.
414 3409 472 3478 lll,
493 3407 529 3468 31
547 3429 555 3468 ι
573 3405 729 3470 Domitius
743 3408 889 3486 Corbulo,
907 3426 1042 3493 praetura
1053 3415 1188 3497 iunctus,
1214 3426 1251 3488 dc

154 3513 189 3574 L.
207 3511 291 3575 Sulla
305 3511 401 3572 nobili
410 3509 524 3590 juvene
539 3523 662 3590 questus
680 3522 726 3570 est
741 3512 821 3591 apud
832 3527 983 3586 senatum,
1003 3521 1083 3596 quod
1098 3520 1159 3582 sibi
1169 3521 1253 3588 inter

153 3614 331 3696 spectacula
358 3612 563 3692 gladiatorum
588 3613 657 3672 loco
679 3632 742 3673 non
755 3612 966 3678 decessisset(
987 3619 1048 3680 Pr0
1077 3621 1253 3692 Corbulone

154 3723 238 3783 aetas,
264 3706 383 3800 patrius
408 3729 525 3784 mos‚s
511 3705 613 3772 studia
634 3709 790 3772 seniorum
813 3728 930 3775 erant:
949 3726 1061 3778 contra
1082 3719 1254 3787 Mamercus

154 3811 287 3874 Scaurtn
301 3823 332 3870 et
346 3811 379 3871 L
399 3811 566 3873 Arruntius
582 3799 695 3890 aliique
707 3809 799 3872 Sullae
816 3813 980 3894 propinqtu
971 3810 1173 3882 nitebantur
1188 3845 1253 3886 cer·

155 3909 325 3990 tabantque
346 3903 549 3970 orationibus.
572 3902 769 3971 Satislactum
788 3906 957 3972 Corbuloni
974 3932 1031 3994 per
1051 3909 1251 3998 Mamercum

155 4009 209 4087 qni
223 4019 352 4090 patruus
366 4003 455 4066 simul
470 4025 508 4066 ac
525 4005 655 4068 vitricus
664 4006 757 4070 Sullae
770 4019 801 4068 et
818 4022 973 4068 oratorum
987 4031 1024 4070 ea
1036 4029 1125 4076 cerate
1139 4017 1253 4080 nubam

156 4125 225 4163 mus
238 4119 313 4162 eml-

200 4202 237 4264 ld
251 4202 407 4265 accidita
426 4205 465 4269 U.
477 4201 545 4262 tlt
551 4244 558 4260 .
591 4291 599 4312 1

1280 2381 1348 2452 235
1403 2405 1409 2419 ’
