2934 4846
737 401 774 474 11
889 466 891 474 ,

252 532 303 599 10.
328 537 440 602 Mansit
449 539 544 621 igitur
560 539 594 602 in
607 538 758 621 plurimis,
776 537 963 622 quaeluerat,
980 539 1143 622 disciplina
1159 531 1303 620 juventu·

206 634 258 696 tis.
276 636 323 698 nd
333 656 422 700 senes
428 633 658 718 honoratosque
667 637 778 706 deduci
787 648 819 700 ot
832 636 942 698 borum
955 637 989 699 in
1000 636 1070 699 sinn
1082 637 1220 710 edocui,
1232 656 1304 719 pru-

206 733 315 796 dentes
332 735 451 818 dejure
464 735 688 816 respondentes
702 734 810 797 andire
830 730 887 816 (ad
897 734 978 814 quod
993 734 1116 816 penitus
1128 733 1303 816 perdiscen-

206 833 277 894 dum
290 831 432 895 Ciceros
445 834 487 914 Q.
503 831 598 893 Mucii
610 832 710 896 latere
720 851 782 894 non
798 831 973 909 discessit),
990 831 1025 892 in
1040 831 1118 907 loro,
1133 833 1167 893 in
1180 830 1308 912 judiciis

205 951 275 994 aum
285 932 346 994 illis
356 932 473 1006 adesse,
488 951 606 994 morem
617 931 763 1004 civitatis,
777 932 919 994 instituta
931 930 1038 1014 populi
1047 942 1080 993 et
1093 932 1176 1010 leges
1185 944 1309 994 senam·-

203 1028 343 1110 riamque
355 1049 411 1092 usu
423 1028 566 1112 accipere
583 1029 797 1112 prudentiam,
810 1027 876 1090 haec
887 1027 946 1090 lusit
959 1029 1125 1090 educandae
1133 1025 1307 1107 juventutis

204 1129 475 1213 ratianishanc
485 1129 721 1213 vituperaverit,
732 1129 963 1212 patamonis,
974 1127 1077 1191 addito
1086 1126 1264 1190 militiaausu
1272 1139 1308 1189 et

206 1226 318 1288 ducum
335 1227 559 1303 contuberniis,
577 1227 743 1308 imperium
752 1226 838 1288 orbis
851 1225 996 1309 peperit?
1007 1225 1130 1310 Quippe
1138 1245 1308 1306 numquam

203 1326 277 1389 inde
291 1326 453 1390 deficiebat
471 1343 655 1405 magnorum
677 1324 817 1386 virorum
840 1341 997 1406 propago,
1027 1324 1096 1386 aliis
1117 1325 1151 1387 in
1173 1325 1307 1387 aliorum

203 1429 306 1492 vicem
319 1427 566 1490 succedentibus.
585 1429 650 1488 Mos
662 1424 716 1488 ille
725 1424 873 1506 juvenum
881 1426 921 1487 ad
933 1436 1088 1506 spectatos
1096 1427 1264 1507 prudentia
1273 1441 1306 1488 et

202 1530 363 1591 honestate
372 1527 457 1590 viros
470 1525 643 1590 deducendi
657 1526 697 1588 ad
711 1524 871 1589 Ciceronis
885 1543 980 1605 usqne
994 1523 1102 1586 llorern
1119 1527 1302 1605 permansit,

203 1638 238 1685 ut
248 1625 309 1686 alio
322 1625 392 1686 loco
411 1621 684 1686 demonstrabitur.
701 1623 799 1685 Nemo
822 1634 924 1684 autem
944 1619 1035 1703 hujus
1050 1619 1147 1681 aetatis
1163 1632 1195 1682 et
1210 1622 1305 1683 moris

202 1722 419 1797 sanctitatem,
443 1721 633 1806 juvenesque
652 1720 772 1784 nobiles
792 1739 831 1783 ex
848 1721 918 1784 sinu
936 1731 1101 1804 parentum
1124 1731 1156 1780 et
1172 1717 1305 1781 clarissi-

203 1840 323 1883 morum
351 1821 509 1884 bominum
535 1821 682 1904 exemplis
711 1821 751 1883 ad
771 1839 823 1882 res
847 1821 931 1884 domi
955 1818 1132 1900 militiaeque
1153 1819 1310 1898 gerendas¹

202 1937 462 2000 progressos'oum
475 1917 613 1980 Pliniani
627 1917 775 1999 temporis
790 1916 920 1982 lascivia
938 1915 1146 1999 comparando
1161 1916 1309 1998 eloquen-

201 2013 263 2076 tius
281 2014 455 2097 deploravit
471 2033 563 2094 11111
576 2013 665 2076 aurei
679 2015 727 2076 De
743 2015 918 2078 oratoribus
933 2014 1047 2093 dialogi
1069 2024 1179 2076 auctor
1190 2031 1221 2074 c.
1245 2013 1308 2086 28,

74 2151 78 2162 »
206 2112 245 2174 33
260 2132 328 2194 sqq.
350 2113 395 2174 lta
409 2113 535 2188 factum,
552 2122 588 2174 ut
598 2111 674 2173 felix
684 2123 843 2173 oratorum
854 2130 992 2195 propago
1002 2123 1223 2182 succresceret,
1244 2130 1308 2172 non

203 2210 367 2274 lenociniis
380 2211 566 2286 fucatorum,
581 2212 637 2274 sed
647 2211 832 2295 dignitatem
843 2211 969 2291 generis
980 2211 1045 2273 vita
1059 2231 1113 2274 sua
1133 2225 1167 2272 et
1177 2229 1306 2272 munere

205 2311 401 2392 aeqnammm.
424 2312 539 2374 Literis
556 2311 640 2375 enim
658 2310 807 2395 plurimos
821 2331 884 2375 non
905 2313 1021 2394 optime
1034 2312 1126 2375 luisse
1147 2312 1304 2385 eruditos,

200 2409 266 2491 jam
290 2410 363 2472 inde
377 2411 549 2490 colligitur,
568 2411 648 2493 quod
662 2411 789 2474 maximi
804 2411 938 2474 nominis
961 2430 1143 2494 summeque
1158 2411 1305 2493 potentie

200 2508 341 2574 homines
355 2513 398 2573 M.
419 2513 554 2596 Lepidus
572 2513 728 2590 Porcina,
755 2513 793 2577 C.
812 2514 955 2597 Papirius
971 2513 1091 2591 Carbo,
1113 2514 1183 2577 Ser.
1206 2513 1306 2594 Sulpi·

200 2611 266 2673 cius
279 2611 382 2675 Galba
398 2632 437 2675 ne
458 2610 539 2693 juris
561 2611 703 2694 quidem,
725 2625 760 2673 nt
775 2613 849 2676 alias
869 2625 953 2676 artes
971 2627 1110 2688 mosam,
1129 2612 1223 2696 pcriti
1243 2623 1305 2672 tra·

198 2711 314 2772 duntur
335 2710 423 2793 (Cio.
441 2712 490 2772 De
509 2725 589 2774 orat.
616 2713 643 2785 l,
669 2711 737 2798 10).
754 2713 861 2794 Neque
880 2713 1025 2777 Crassum
1042 2731 1231 2793 magnopere
1253 2708 1305 2770 llo·

197 2807 296 2870 ruisse
316 2807 436 2880 literis,
458 2810 622 2888 equalium
647 2825 792 2873 constans
821 2811 926 2893 opinio
952 2822 1043 2886 erat,
1074 2808 1306 2887 Antoniumque

195 2924 319 2988 prorsus
341 2909 455 2986 ἄμουσον
474 2906 681 2970 existimatum
702 2907 793 2968 subse
813 2927 853 2968 ex
870 2907 1023 2969 Cicerone
1040 2907 1089 2967 De
1103 2916 1184 2966 orat.
1204 2904 1249 2980 ll,
1273 2905 1302 2980 1,

196 3006 324 3087 aliisque
343 3004 420 3066 locis
438 3018 576 3080 constat,
590 3006 642 3089 qui
656 3007 690 3068 in
707 3005 883 3068 refellendis
897 3005 1062 3068 sententiis
1075 3004 1224 3089 ejusmodi
1242 3006 1306 3068 frn-

137 3169 141 3186 ,
199 3115 265 3164 stra
279 3102 392 3164 multus
402 3114 460 3164 est.

241 3205 293 3266 11.
316 3205 484 3283 ingruente
497 3217 565 3286 post
579 3203 799 3284 Carthaginem
811 3216 843 3266 et
856 3205 1014 3269 Graeciam
1024 3225 1165 3269 eversam
1177 3225 1297 3269 morum

196 3303 279 3381 labe,
295 3303 573 3387 quaestionibusque
586 3305 745 3386 perpetuis
762 3305 913 3368 institutis
927 3307 1027 3391 major
1040 3307 1114 3370 inde
1127 3307 1304 3369 oratoribus

196 3409 342 3472 materies
353 3407 521 3470 succrevit.
534 3406 678 3469 Notabile
693 3407 846 3488 inprimis
859 3409 940 3490 quod
954 3409 1072 3472 fervida
1085 3408 1215 3492 juventa
1231 3411 1302 3470 ado·

177 3505 395 3583 dementibus,
415 3517 450 3566 nt
468 3504 627 3586 improbos
647 3520 919 3587 persequerentur,
936 3506 1023 3587 quasi
1037 3507 1165 3568 solenne
1187 3527 1301 3568 munus

197 3603 303 3666 luerit.
316 3605 387 3666 Non
401 3615 506 3664 tamen
519 3623 559 3664 ex
572 3601 726 3666 Cicerone
739 3602 812 3664 Div.
829 3602 863 3666 in
882 3603 988 3668 Caecil.
1012 3624 1042 3666 o.
1057 3604 1094 3666 21
1110 3603 1182 3666 coll.
1201 3607 1298 3667 Vera.

199 3703 259 3776 lV,
275 3703 305 3773 1,
322 3701 355 3776 2,
364 3703 445 3764 unde
455 3701 618 3764 suabausit
628 3702 826 3778 Plutarchus,
840 3703 900 3766 hoc
914 3703 959 3765 ita
973 3703 1198 3786 accipiendum,
1214 3704 1303 3784 qnasi

200 3798 357 3862 insolitum
372 3795 477 3871 luerit,
493 3798 632 3860 homines
645 3799 815 3861 honoribus
823 3800 951 3862 idoneos
962 3800 1013 3862 vel
1027 3819 1134 3862 eorum
1149 3812 1306 3881 compotes

203 3898 242 3959 ad
253 3895 459 3959 accusandum
474 3897 674 3958 descendere.
687 3896 810 3981 Quippe
824 3897 978 3960 ambitiosi
994 3897 1156 3963 Ciceronis
1174 3897 1306 3976 equales

203 3993 282 4056 etin
298 3992 409 4074 primis
431 3991 497 4074 ipse
517 3992 639 4070 Cicero,
656 3992 908 4057 miserationibus
922 3996 1067 4058 oratoriis
1086 3993 1252 4056 veritatem
1273 4007 1306 4057 et

204 4092 398 4154 honestatem
411 4089 521 4174 sepius
533 4103 718 4173 postponere
732 4090 849 4167 solitus,
864 4092 946 4162 hanc
960 4092 1021 4154 sibi
1041 4091 1200 4154 linxerunt
1215 4111 1305 4172 regu-

205 4193 278 4273 lam,
295 4209 329 4257 11
343 4213 433 4277 quarn
454 4192 602 4276 plurimos
626 4193 817 4260 defendendo
837 4196 971 4278 gratiam
985 4194 1069 4276 vulgi
1087 4207 1119 4258 et
1134 4196 1305 4278 potentium
