2904 4838
121 393 134 424 e
598 359 666 430 163

50 497 56 506 “
84 507 430 582 gumentaettempora
448 493 586 557 nondum
604 491 747 590 invenire
768 464 923 574 poteram,
945 491 1010 554 sire
1031 495 1180 571 quadres
1205 519 1250 590 59

1 611 2 616 ’
83 613 208 676 ,prorsus
229 605 276 653 est
299 592 416 671 ignota,
438 611 491 654 seu
514 590 595 671 quod
618 585 840 671 inscriptiones
863 587 944 669 apud
964 591 1180 667 grammaticos

84 693 191 756 vitiose
210 702 431 756 memorantur.

183 865 236 929 19.
260 883 544 940 caerimoniosos
559 883 609 926 rsr
626 882 667 925 an
681 881 800 926 ursinus
814 881 927 946 coarat
943 881 1079 925 estana.

119 1027 241 1092 Gellius
256 1031 284 1104 l,
298 1029 338 1090 23
352 1050 360 1088 ε
375 1026 515 1088 Historia
527 1027 566 1086 de
577 1023 704 1107 Papirio
715 1027 903 1088 Proetextatd
913 1025 998 1089 dieta
1008 1025 1184 1106 scriptaque

79 1139 124 1189 est
146 1147 164 1188 a
183 1129 225 1188 M.
239 1123 358 1188 Catone
372 1129 403 1183 in
418 1126 570 1195 oratione,
586 1142 647 1206 qua
662 1143 735 1183 usus
748 1137 794 1182 est
806 1122 849 1181 ad
863 1122 973 1183 milites
987 1137 1094 1181 contra
1109 1123 1182 1182 Gal·

79 1223 166 1299 bam,
189 1243 260 1284 cum
280 1222 377 1284 multa
396 1216 520 1301 quidem
539 1229 700 1281 venustate
720 1231 812 1301 atque
832 1220 901 1281 luce
922 1232 1013 1302 atque
1031 1219 1182 1280 munditia

78 1325 258 1387 verborum.
276 1321 458 1385 EaCatonis
469 1321 565 1383 verba
579 1317 652 1382 huic
665 1339 792 1403 prorsus
811 1321 1035 1385 commentario
1053 1321 1182 1382 indidis-

76 1445 155 1498 sem,
168 1425 195 1486 si
205 1425 278 1486 libri
290 1425 380 1508 eopia
390 1419 496 1486 luisset
506 1423 539 1485 id
545 1423 707 1504 temporis,
722 1443 793 1485 cum
803 1423 868 1485 mc
880 1423 1007 1487 dictavi.

110 1567 201 1612 contra
209 1561 326 1630 Galbam]
334 1560 456 1613 eumdem
462 1560 581 1614 Servium
587 1558 735 1632 Sulpicium
742 1559 854 1612 Galbam
863 1558 995 1632 intelligo,
1004 1571 1096 1612 contra
1103 1577 1181 1630 quem

145 1665 194 1718 pro
203 1647 339 1698 Lusitanis
348 1646 424 1697 dixit.
433 1647 525 1697 Wass.
540 1643 857 1716 adF1·agm.llts10r.vol.
868 1645 904 1710 11,
914 1663 941 1714 p.
954 1647 1001 1696 301
1013 1644 1057 1696 ed.
1066 1645 1177 1696 Harerc.

146 1731 224 1784 dicit:
233 1731 328 1783 Nescio
337 1750 371 1782 an
379 1731 555 1802 fragmentum
563 1730 702 1782 excatone
710 1728 739 1780 in
745 1726 834 1780 Seteia
841 1728 891 1796 (sic
899 1728 971 1780 enim
980 1729 1052 1798 apud
1061 1731 1180 1782 Nonium

146 1836 173 1867 v.
181 1815 283 1867 Collum
292 1813 400 1886 legitur)
406 1813 460 1866 huc
469 1813 636 1866 referendum
645 1812 690 1876 sit,
698 1813 735 1865 ita
743 1823 775 1864 ut
782 1811 916 1884 legamust
926 1834 939 1861 ι
948 1811 1014 1863 Cato
1024 1811 1054 1862 in
1060 1811 1181 1866 Servium

146 1897 256 1952 Galbam
266 1917 273 1948 ι
285 1895 414 1969 decibile,
425 1895 451 1949 si
459 1895 551 1956 vultu,
563 1895 607 1948 doe
617 1913 681 1947 onus
692 1893 720 1944 io
731 1900 828 1947 vestros
840 1895 1017 1946 calleas-sln
1026 1891 1117 1946 eadem
1126 1893 1180 1944 for-

150 1997 220 2036 tasse
236 2002 315 2036 cansa
327 1996 419 2036 eontra
428 1981 540 2036 Galbam
552 1981 620 2036 bane
634 1997 740 2051 quoque
753 1980 898 2036 orationem
909 1979 1004 2032 habuit
1016 1980 1092 2032 Cato.
1111 1980 1180 2032 Cum

145 2070 216 2122 enim
228 2069 341 2122 Galbam
358 2087 479 2122 accusem
495 2067 590 2132 vellet,
610 2065 723 2130 milites,
743 2083 810 2136 qnos
829 2065 876 2118 ille
897 2084 986 2118 secum
1005 2063 1133 2116 babuerat
1151 2069 1180 2116 in

151 2151 294 2222 Hispania,
314 2152 447 2204 allocutus
463 2163 491 2203 et
506 2150 658 2203 cohortatus
675 2162 730 2226 est,
750 2163 782 2201 ut
800 2146 996 2202 malefactorum
1015 2146 1180 2219 irnperatoris

152 2233 302 2286 testimonia
317 2234 444 2287 dicerent.
461 2231 558 2299 [Paulo
573 2245 635 2306 post
648 2230 730 2284 codex
746 2232 864 2303 optimus
877 2231 960 2284 Paris.
976 2237 1117 2296 velustate,
1132 2251 1180 2304 pro

151 2320 264 2380 senaab]

436 2441 488 2502 50.
513 2456 621 2502 calmo
640 2458 679 2500 sn
697 2457 826 2499 aternu.

116 2601 243 2666 Servius
251 2602 287 2663 in¹
292 2603 381 2682 Virg.
391 2603 513 2684 Georg.
524 2601 551 2676 l,
564 2599 617 2662 lb:
633 2597 730 2662 «Cato
741 2596 777 2661 in
785 2599 929 2660 oratione
939 2599 979 2659 ad
989 2595 1087 2658 filiurn
1101 2601 1181 2675 sVir

78 2697 176 2758 bonus
190 2712 244 2774 est,
257 2699 302 2760 M.
304 2700 372 2780 fili,
384 2698 505 2758 colendi
514 2701 643 2778 peritias,
655 2691 745 2778 cujus
752 2696 953 2777 fhmameuta
968 2695 1178 2774 splendens——

77 2793 287 2876 Corrigendus
298 2808 346 2858 cst
354 2796 494 2859 Servius.
508 2795 587 2860 Cato
598 2801 661 2858 non
671 2789 845 2857 orationem
860 2793 899 2853 ad
913 2788 1021 2866 filium,
1036 2794 1089 2854 sed
1097 2812 1175 2874 prae·

76 2906 165 2985 ⁴cepta
184 2896 224 2956 ad
243 2913 314 2956 eum
333 2880 476 2976 scripsit,
493 2904 625 2974 quorem
642 2891 816 2971 fragmenta
834 2885 986 2965 aPlinio,
1004 2888 1176 2968 Diomede,

78 2989 176 3054 Nonio
187 2992 372 3056 afferuntur.
388 2986 477 3078 [Quae
487 2989 558 3056 ride
568 2993 649 3075 apud
657 2992 795 3057 Bolbuis.
809 3011 840 3073 p.
852 2991 912 3056 193
925 2985 1013 3080 sqq-J

177 3155 229 3218 51.
256 3175 333 3216 ciro
347 3175 377 3216 rn
394 3175 582 3218 nrmnasrona
596 3177 635 3218 nn
649 3173 854 3246 renranrrone
868 3175 952 3218 mors
967 3175 1071 3216 onnia.

118 3323 248 3383 Festus:
265 3321 413 3382 Prorsus.
434 3321 511 3384 Cato
525 3322 564 3383 de
578 3321 771 3385 feneratione
783 3317 863 3400 legis
875 3321 993 3384 Juniaer
1009 3321 1175 3394 Camerini,

79 3425 154 3482 cives
170 3427 279 3497 nostri,
295 3422 438 3502 oppidum
452 3420 616 3502 pulchrum
632 3419 778 3492 habuere,
788 3443 903 3502 agrum
921 3425 1071 3506 optimum
1088 3435 1178 3504 atque

72 3516 329 3598 pulcherrimum,
345 3542 413 3582 rem
424 3522 721 3603 fortweua'ssimam.
745 3522 824 3581 Cum
843 3523 981 3582 Romam
1000 3518 1174 3595 veniebant,

72 3635 203 3696 prorsus
217 3619 445 3682 devertebantur
453 3641 512 3702 pro
528 3619 696 3702 hospitibus
709 3622 752 3680 ad
763 3626 883 3682 amicos
896 3641 981 3682 suos.

110 3753 208 3824 Juniae]
219 3755 261 3808 ed.
274 3755 336 3807 lbll
349 3755 439 3820 nobie,-
451 3757 494 3810 ed.
506 3759 572 3812 1526
581 3754 674 3810 miore.
686 3756 787 3810 Deinde
796 3756 878 3810 codex
886 3753 1092 3826 Camcrnt'(sic).‘

102 3836 349 3907 xfortunatissimam]
362 3841 549 3908 fortissimo,-
567 3861 626 3896 mox
638 3843 800 3896 marcebant
813 3840 879 3893 ibid.
899 3843 1026 3892 Praeterea
1041 3840 1174 3892 Camerini

147 3939 210 3978 sunt
230 3945 244 3978 a
262 3925 383 3980 Camerio
402 3929 480 3995 urbe,
502 3947 581 4000 quam
600 3930 671 3982 inter
690 3927 790 3982 vicinas
809 3927 899 3979 Romte
918 3939 1040 3979 numerat
1058 3924 1172 3978 Plinius.

148 4013 256 4082 Popme.
1032 4006 1034 4013 ¹

117 4133 236 4199 Nonius
256 4157 285 4218 p.
301 4139 351 4216 bl,
369 4141 424 4202 16:
446 4141 561 4202 Pedato
581 4142 713 4224 positum
734 4165 790 4224 pro
806 4141 939 4224 repetitu
959 4143 1009 4204 nel
1031 4157 1167 4201 accessu.
