2954 4840
763 335 832 407 380

287 471 376 536 iuria
391 469 501 536 civit·-
518 475 808 540 Δηώ-8818118118.
828 480 940 559 iragm.
959 500 989 561 p.
1010 479 1049 542 54
1067 482 1118 541 ed.
1138 481 1236 542 Mai:
1259 483 1350 566 Papi·

247 570 360 638 uiuum
374 568 431 636 lib·
447 591 479 634 ιι
492 569 699 655 Quaaionum
713 578 892 659 respondit:
910 578 1017 638 verbis
1031 583 1183 640 orationis
1198 580 1348 642 Fratntm

246 680 468 755 imporatorum
490 673 658 748 libertam,
682 680 740 741 etsi
764 678 803 739 ob
826 678 951 760 aliquod
973 676 1172 760 priuilegium
1199 701 1218 742 a
1249 683 1350 744 tutaiis

247 785 349 842 vacet,
363 772 488 856 patroni
503 783 607 838 tamen
622 787 822 856 patroneque
841 772 1010 839 liberorum
1030 788 1115 838 tutor
1132 790 1168 838 nt
1184 778 1348 858 deligatur,

244 873 514 954 conprehensum.

244 969 370 1036 ..thid
362 991 416 1052 ρ..
428 971 488 1036 id:
505 971 632 1036 Exiiiia
647 985 773 1055 nepotes
788 973 934 1056 prodesse
947 973 1105 1036 adtuteloe
1119 971 1352 1045 liberationem,

240 1072 338 1157 sicuti
354 1091 412 1137 nec
425 1075 465 1136 ad
477 1076 666 1140 caducorum
677 1074 921 1142 vindicationem
935 1075 1038 1158 palam
1050 1071 1354 1158 cst‚nia1mibipro·

247 1189 345 1252 ponas
364 1191 404 1232 ex
418 1186 567 1237 veterano
586 1171 776 1256 pretoriano
795 1193 911 1253 genero
931 1187 1072 1236 socerum
1087 1193 1179 1235 arum
1193 1173 1351 1247 effectum,

248 1284 324 1334 tunc
338 1275 425 1336 cuim
440 1275 608 1336 secundnm
622 1271 797 1336 orationem
812 1273 864 1334 dci
873 1274 985 1350 Murci,
997 1291 1089 1354 quam
1103 1274 1138 1334 in
1153 1268 1267 1335 castris
1277 1293 1353 1354 prae·

248 1370 325 1432 toris
339 1373 502 1447 recitarit,
523 1371 620 1434 Panlo
638 1371 752 1434 itcrum
770 1381 803 1431 et
822 1371 1002 1451 Aproniano
1018 1369 1196 1433 conaniibus
1212 1367 1262 1452 (p.
1275 1369 1350 1433 Chr.

257 1470 329 1554 188)
343 1493 402 1536 ιιιι
417 1473 537 1556 id.jau.
549 1472 582 1534 id
600 1472 728 1536 habebit
749 1492 836 1545 avua,
857 1474 939 1553 quod
960 1473 1056 1536 habet
1075 1473 1109 1534 in
1130 1469 1296 1554 nepotibus
1315 1493 1353 1534 cx

256 1567 319 1636 olio
330 1573 528 1656 nafis-Cujus
536 1573 686 1638 orationis
694 1572 1076 1658 rerbahoecsnntzthuo
1077 1573 1207 1654 fiscilizu
1216 1577 1356 1632 actarum·

253 1680 351 1733 nostri
361 1694 484 1735 soceros
497 1678 686 1754 repperiunt,
702 1675 775 1736 illos
787 1695 904 1759 quoquc
915 1697 996 1738 novo
1006 1675 1168 1755 privilegio
1179 1674 1354 1735 sollicitabi-

249 1794 329 1848 mus,
346 1790 377 1834 ut
395 1796 466 1836 avus
481 1789 630 1854 ,nepotum
650 1796 693 1836 cx
712 1790 858 1836 rtctcrano
873 1779 1061 1856 woeturiuno
1080 1789 1221 1836 ratonem
1241 1777 1353 1835 iisdem

248 1875 421 1934 commodis
434 1879 559 1934 nomine
571 1876 823 1954 eorumsmatur,
834 1874 939 1958 quibus
945 1879 1119 1954 fateretur,
1130 1878 1159 1934 si
1166 1894 1220 1934 eos
1231 1872 1355 1934 baberet

248 1994 291 2032 aa
299 1973 385 2052 filio.

292 2067 375 2136 ibid.
397 2092 430 2153 p
454 2074 518 2135 83.
544 2071 654 2146 Oratio
677 2072 727 2136 dei
751 2074 881 2136 Marci
873 2087 916 2135 tta
939 2072 1057 2155 scriptu
1078 2087 1142 2145 cst,
1164 2085 1199 2134 nt
1228 2074 1355 2155 patroni

250 2181 439 2324 paltronae
408 2169 539 2231 libertus
560 2183 646 2231 tutor
666 2170 757 2248 deligi
777 2172 891 2252 possit,
915 2173 1039 2236 tametsi
1064 2171 1166 2252 aliquo
1187 2168 1353 2254 priuilegio

247 2285 282 2326 au
307 2284 396 2326 nuns
408 2264 466 2326 uit.

548 2453 693 2526 CXXII.
723 2457 841 2527 Divus
860 2456 1047 2527 Pertinax.

290 2679 479 2741 Mcmorutnr
489 2679 590 2742 oratio
600 2679 775 2742 Pertinacis
784 2681 817 2741 in
831 2679 983 2741 institutt.
996 2676 1050 2740 lib.
1066 2699 1100 2753 ιι,
1115 2679 1165 2740 tit.
1176 2699 1254 2749 xvn,
1268 2679 1301 2738 1.

47 2866 70 2944 Ἃ
151 2890 220 2966 262
381 2869 384 2876 '
543 2889 707 2959 cxxlrr.
741 2889 858 2959 uivus
883 2890 1054 2960 severus.

292 3112 411 3192 Digest.
423 3113 480 3174 lib.
496 3133 594 3187 xxvn,
608 3111 657 3174 tit.
672 3133 715 3187 rx,
734 3112 747 3172 1
762 3134 770 3172 ι
788 3108 991 3194 imperatoris
1004 3108 1116 3174 Seueri
1130 3112 1273 3176 oratione
1282 3127 1350 3189 pro-

250 3207 342 3271 hibiti
359 3223 430 3270 aunt
454 3221 572 3272 tutores
590 3221 623 3271 ct
643 3223 805 3274 curatores
825 3210 941 3292 predia
962 3211 1080 3270 rustica
1099 3208 1148 3270 vci
1173 3207 1351 3270 suburbana

248 3307 430 3370 distrahere.
454 3308 531 3390 Qnae
552 3303 655 3370 oratio
675 3309 709 3368 in
731 3319 841 3369 senatu
863 3308 993 3370 recitata
1014 3320 1061 3368 est
1074 3305 1216 3390 Tertyiio
1236 3317 1267 3366 et
1281 3303 1351 3366 Cie-

248 3417 352 3467 mente
367 3406 454 3468 Coss.
468 3405 572 3466 idibus
585 3405 698 3468 Juniis.
721 3407 761 3466 Et
775 3416 847 3467 sunt
860 3405 959 3468 verba
972 3403 1039 3488 cjus
1052 3401 1248 3488 hujusmodi:
1260 3403 1350 3464 Prae·

248 3516 343 3574 terea,
358 3502 467 3563 Patres
485 3502 669 3582 Conscripti,
691 3505 874 3562 interdicam
889 3504 1040 3563 tutoribus
1054 3517 1085 3562 et
1098 3499 1298 3574 curatoribus,
1314 3521 1352 3560 nc

244 3601 365 3676 prcediu
379 3605 494 3661 rustica
504 3601 559 3660 vei
566 3601 740 3660 suburbana
751 3599 929 3673 distrahant,
939 3603 1010 3669 nisi,
1019 3615 1050 3658 ιιι
1062 3593 1095 3658 id
1095 3601 1204 3682 fieret,
1210 3613 1352 3677 parentes

248 3712 426 3758 testamento
439 3699 494 3759 vei
503 3699 649 3768 codicillis
662 3704 804 3760 caverint.
825 3699 916 3782 Quod
926 3699 1050 3778 siforte
1068 3720 1113 3759 ces
1132 3693 1266 3756 clinnum
1287 3711 1351 3754 tan·

248 3784 313 3854 tum
326 3799 397 3869 erit,
414 3812 447 3856 ut
457 3818 501 3857 en:
516 3796 607 3857 rebus
621 3801 730 3856 ceteris
744 3818 804 3857 non
813 3801 913 3876 possit
930 3797 1061 3876 exsolvi,
1077 3812 1146 3856 tunc
1162 3809 1282 3876 prcetor
1300 3817 1352 3852 ur·

249 3893 357 3968 banus,
371 3900 425 3955 vir
436 3897 643 3964 clarissimus,
658 3894 795 3964 adeatur,
810 3879 864 3980 qui
876 3891 935 3972 pro
957 3893 1013 3954 sua
1027 3890 1185 3975 'reiigione
1203 3898 1351 3966 aestimet,

245 4015 315 4078 quic
320 3997 451 4070 possint
460 3993 594 4051 alienari
603 3991 771 4070 abligurire
780 3987 926 4067 debean&
938 3993 1078 4053 manente
1088 3993 1206 4074 prcpiilo
1220 3997 1352 4065 actione,

246 4094 275 4148 si
286 4105 397 4168 postea
408 4093 541 4169 potuerit
553 4089 696 4169 probari,
711 4085 950 4167 oh‘re'ptum'esse
963 4096 1103 4171 prwtori.
1122 4091 1158 4150 Si
1176 4094 1351 4149 communis

246 4205 296 4244 res
310 4192 371 4246 crit
384 4201 415 4247 ct
427 4193 527 4249 socius
542 4188 584 4245 ad
601 4188 777 4246 divisionem
792 4206 944 4264 provocet,
959 4205 1010 4248 αιιι
1029 4194 1057 4248 si
1071 4189 1213 4258 creditor,
1231 4191 1285 4271 qui
1302 4190 1351 4264 pi-
