2954 4840
749 345 817 414 314

277 477 409 562 Quintil.
425 482 478 556 lV,
499 481 626 555 2123:
647 483 777 545 Multum
796 482 916 546 coniert
938 483 1061 566 adjecta
1074 482 1158 542 reris
1176 479 1345 545 credibilis

235 601 338 643 rerum
352 583 466 662 imago,
482 602 548 663 qum
562 585 648 646 velut
662 587 694 646 in
707 605 774 648 rem
790 598 973 668 praesentem
986 587 1157 668 perducere
1172 581 1337 658 audientes

233 681 355 748 videtur
363 706 372 746 ε
380 685 479 766 qualis
492 700 541 748 est
550 686 603 749 illa
614 688 657 749 Μ.
669 687 758 750 Coelii
768 688 802 750 in
813 685 984 752 Antonium
995 684 1180 769 descriptio:
1193 687 1334 770 Namque
1406 717 1410 726 »

232 789 333 863 ipsum
346 785 507 868 offendunt
525 787 686 849 temrdento
705 809 816 866 sopore
834 786 1039 868 prffligatum,
1055 792 1126 848 totis
1144 788 1333 865 praecordiis
1412 798 1415 804 '

230 895 416 956 stertentem,
433 898 587 944 metuosos
606 889 726 963 spiritus
740 889 911 964 geminare,
926 885 1158 970 praeclarasque
1176 883 1332 945 contuber-

229 982 315 1042 nales
324 981 364 1042 ab
376 983 518 1062 omnibus
529 985 652 1064 spondis
662 1000 850 1048 transuersas
860 983 1006 1045 incubare
1016 1000 1048 1045 et
1058 985 1189 1070 redonas
1200 989 1333 1044 circum.

222 1073 332 1159 jacere
346 1085 476 1158 passim,
492 1103 560 1166 quae
581 1096 682 1142 tamen
703 1087 891 1143 exanimatae
910 1096 1027 1142 terrore
1049 1080 1182 1141 hostium
1205 1082 1333 1143 adventu

225 1189 369 1254 percepto
395 1182 533 1238 excitare
553 1179 724 1239 Antonium
749 1178 947 1248 conabuntur,
972 1198 1082 1238 nomen
1105 1177 1330 1252 inclamabant,

215 1273 341 1350 frustra
356 1295 376 1332 a
390 1272 556 1336 ceruicibus
570 1273 726 1346 tollebant,
745 1272 886 1334 blandius
900 1273 961 1333 alia
975 1274 1019 1332 ad
1029 1293 1136 1332 aurem
1155 1273 1330 1345 invocabat,

224 1371 433 1434 vehementius
440 1377 533 1432 etiam
542 1372 684 1434 nonnulla
685 1374 824 1453 feriebat
829 1395 980 1457 ,·quarum
989 1395 1059 1433 cum
1069 1377 1208 1434 omnium
1217 1394 1331 1433 vocem

224 1485 394 1554 tactumque
414 1475 591 1544 noscituret,
608 1475 768 1550 proximae
789 1468 930 1557 czq'usque
952 1471 1064 1532 collum
1083 1472 1231 1551 amplexu
1247 1488 1331 1552 pete·

226 1565 287 1642 bat,
302 1588 397 1651 neque
411 1569 546 1627 dormire
558 1571 721 1657 excitatus,
736 1589 832 1654 neque
851 1568 984 1648 uigihre
1002 1568 1105 1630 ebrius
1117 1585 1259 1649 poterat;
1274 1573 1332 1630 sed

222 1667 412 1724 semisomno
433 1685 543 1744 sopore
566 1669 645 1724 inter
666 1687 776 1726 manus
798 1670 1008 1725 centurionum
1030 1667 1328 1754 concubinarumque

216 1756 407 1840 jactabatur.

265 1857 352 1922 idem
366 1859 409 1920 Μ.
423 1855 515 1923 Caelii
529 1858 614 1922 locus
628 1879 647 1920 a
660 1860 890 1923 seresberiensi
904 1863 938 1923 in
953 1859 1103 1925 Policrat.
1115 1883 1148 1946 p.
1162 1865 1220 1928 607
1234 1866 1325 1928 afler-

224 1973 287 2022 tur.
322 1957 374 2051 [V.
397 1975 511 2042 praeter
532 1962 692 2043 Spalding.
719 1966 757 2025 ad
778 1963 801 2024 l.
824 1961 949 2047 Quint,
981 1968 1018 2029 P.
1039 1967 1212 2032 Victorium
1230 1971 1323 2031 Varr.

224 2062 313 2123 Lect.
337 2060 440 2135 XXll,
461 2065 491 2122 5.
518 2059 662 2126 Colorem
682 2064 804 2126 duxisse
818 2061 944 2126 videtur
963 2066 1016 2132 hic
1037 2067 1123 2130 locus
1145 2089 1184 2130 ex
1197 2071 1326 2153 Lycone

225 2163 373 2242 quodam,
390 2162 477 2243 cujus
489 2162 697 2240 fragmentum
716 2183 774 2244 pro
797 2188 992 2251 χαρικπιρισμοῡ
1014 2170 1154 2252 exemplo
1174 2181 1274 2232 exstat
1290 2169 1326 2233 in

224 2258 343 2324 Rutilio
357 2262 442 2344 Lupo
455 2282 488 2343 p.
502 2263 574 2324 100.
588 2261 736 2352 Ellendt]
1067 2267 1068 2273 ’

267 2358 401 2441 Quintil.
412 2360 465 2434 IX,
480 2359 511 2432 3,
524 2360 582 2422 58:
596 2357 711 2424 Coelius
725 2363 759 2425 in
770 2365 939 2429 Antonium
951 2390 958 2428 ι
972 2367 1217 2448 Stupere·geudio
1232 2369 1324 2430 Greu-

225 2479 291 2523 cus.
304 2459 400 2522 Simul
414 2455 539 2521 auditur
554 2463 656 2538 coepit.

625 2727 930 2741 ——--—-...—

128 2942 195 3014 197
265 2957 397 3041 Quintil.
423 2960 479 3032 vl,
506 2958 537 3026 3,
554 2957 593 3022 39
611 2983 619 3018 =
637 2959 786 3035 Narrare,
809 2979 875 3041 quae
896 2959 977 3022 salsa
997 2961 1072 3034 siut,
1096 2961 1130 3020 in
1150 2961 1260 3043 primis
1274 2975 1323 3024 est

222 3056 333 3122 subtile
348 3069 380 3118 et
396 3054 578 3126 oratorium,
595 3067 630 3115 ut
650 3055 700 3116 M.
720 3056 832 3116 Coelius
846 3057 883 3114 de
897 3056 949 3116 illa
967 3059 1009 3117 D.
1033 3057 1127 3117 Lcclii
1139 3058 1324 3143 colbegaeqne

221 3176 289 3238 eJus
303 3157 334 3212 in
346 3153 763 3232 provincmmfhstinautium
774 3158 976 3214 contentione.
989 3155 1025 3216 tl
1052 3177 1059 3217 ε
1077 3158 1116 3218 Et
1125 3155 1240 3218 Coelius
1250 3177 1322 3218 cum

222 3253 326 3317 omnia
351 3248 567 3316 uenustissime
589 3249 692 3328 tinxit,
710 3265 774 3312 tum
794 3249 871 3313 illud
894 3252 1059 3316 ultimum:
1076 3255 1132 3313 Hic
1146 3253 1322 3315 subsecutus

220 3349 371 3434 quomodo
383 3351 547 3421 transierit,
568 3362 669 3407 utrum
680 3364 746 3408 rute
756 3369 797 3408 an
808 3354 979 3428 piscatorio
991 3357 1122 3434 nauigio,
1137 3371 1227 3412 nemo
1241 3358 1320 3412 scic·

222 3447 283 3508 but.
295 3445 391 3506 Siculi
401 3445 536 3528 quidem,
553 3460 585 3504 ut
603 3459 671 3505 sunt
683 3445 792 3508 lasciui
805 3462 835 3507 et
852 3449 981 3524 dicaces,
994 3449 1115 3510 aiebant
1130 3453 1162 3507 in
1176 3450 1320 3528 delphino

220 3545 333 3604 sedisse
344 3553 374 3600 et
387 3545 432 3602 sic
444 3555 601 3626 tamquam
616 3544 741 3604 Ariona
756 3558 967 3605 transuectum.

256 3703 308 3757 Hic
333 3673 503 3772 subsecutus]
523 3703 657 3756 Incertum
670 3702 856 3775 fragmentum.

255 3833 292 3883 D.
306 3826 398 3898 Laelii]
418 3842 509 3882 utrum
529 3845 561 3880 ea
573 3847 635 3899 pars
658 3827 739 3880 fuerit
759 3829 885 3882 orationis
907 3829 996 3893 coetii,
1020 3851 1054 3885 an
1077 3835 1110 3886 D.
1136 3833 1246 3886 Loelium
1266 3833 1318 3887 ali-

247 3946 251 3952 ·
290 3911 397 3984 quando
409 3911 569 3962 accusaverit
580 3909 699 3973 Coelius,
717 3927 772 3962 non
788 3923 901 3963 constat.-
923 3915 955 3966 D.
970 3913 1067 3968 Laelius
1081 3914 1180 3968 Balbus
1193 3917 1320 3972 tribunus

289 3999 329 4070 pl.
342 3997 393 4049 fuit
402 4014 426 4047 a.
441 3997 473 4047 U.
491 3997 554 4058 699,
566 4014 619 4066 quo
633 4014 702 4048 annu
712 3997 749 4047 Μ.
759 3997 861 4050 Coelius
872 3997 904 4049 ab
920 4001 1040 4053 Atratino
1053 4005 1080 4054 in
1092 3999 1137 4073 jus
1147 4017 1257 4058 vocatus
1267 4016 1317 4058 est.

290 4079 401 4152 Pighius
414 4076 512 4130 Annei.
526 4076 581 4128 vol.
595 4078 642 4142 111,
666 4097 694 4148 p.
710 4077 771 4131 400.
791 4079 821 4130 C.
843 4077 953 4132 Laelium
965 4083 1075 4137 Bulbum
1087 4083 1225 4157 intelligit,
1240 4105 1319 4158 quem

288 4185 320 4221 eo
334 4166 392 4238 ipso
403 4181 474 4217 utino
488 4174 642 4234 questurum
655 4162 683 4216 in
698 4163 790 4217 Sicilia
802 4163 886 4220 fuisse
899 4165 973 4222 dicit.
