2904 4838
88 441 176 502 Hanc
186 441 328 504 oratione
337 442 434 504 suasit
444 441 521 505 Cato
531 442 642 522 legem,
659 461 750 523 quam
764 441 914 524 perlatam
925 441 959 502 in
970 461 1025 502 usu
1036 443 1182 510 mansisse

88 561 144 623 per
156 542 379 624 quinquaginta
390 544 454 606 lere
465 564 563 606 annos
574 541 787 622 cognoscimus
796 564 836 607 ex
846 541 944 605 Fastis
956 544 1179 610 consularibus.

88 637 157 704 Vid.
170 640 296 718 Pighius
307 642 390 704 Aun.
402 645 464 705 nol.
479 644 522 716 ΙΙ,
534 663 566 724 p.
578 641 652 714 442,
665 663 757 725 quem
773 653 896 706 secutus
914 653 963 703 est
978 643 1134 724 Zumptius
1150 647 1183 708 in

87 736 271 801 Annalibus.

128 843 253 903 Festus:
265 840 448 902 Parimenta
457 841 580 901 Parnica
589 861 743 904 marmore
752 838 916 904 Numidico
926 853 1083 904 constrata
1091 840 1186 922 signi·

87 937 162 1000 sicat
172 938 262 1012 Cato,
276 959 346 1002 cum
360 940 405 1002 ait
419 939 453 1000 in
468 957 515 1009 ea,
532 959 624 1020 quam
636 938 756 1013 habuit,
771 957 811 1000 ne
825 938 892 1018 quis
902 939 1008 1000 consul
1018 937 1067 1000 bis
1076 939 1184 1002 lieret·

85 1042 199 1100 Dicere
213 1061 355 1121 possum,
365 1040 478 1124 quibus
494 1039 580 1099 villae
596 1055 686 1123 atque
703 1041 798 1112 cedes,
810 1039 968 1120 oedr‘ficatcr
987 1056 1077 1124 atque
1092 1027 1187 1123 erpo·¹

85 1137 148 1197 bae
170 1143 316 1198 maximo
338 1150 441 1216 opere,
457 1141 535 1195 citro
551 1151 642 1221 atque
658 1135 752 1196 ebore
766 1151 857 1221 atque
869 1138 1189 1214 pavimentisPoenicis

85 1249 178 1296 stent.

114 1369 273 1441 paciscentes
284 1369 405 1438 Poenr'ca's]
415 1372 529 1424 Marmor
538 1373 562 1424 N
564 1371 707 1424 umidicum
715 1372 744 1424 in
754 1389 849 1445 magno
860 1373 945 1444 pretio
957 1385 985 1425 et
994 1393 1045 1426 usu
1055 1374 1188 1428 veteribus

160 1459 226 1522 fuit,
240 1477 272 1512 ex
285 1477 337 1529 quo
350 1458 451 1512 fiebant
460 1458 517 1522 illa,
531 1478 589 1530 quae
598 1459 663 1512 Cato
675 1459 719 1512 hic
732 1461 861 1524 nominat,
876 1462 1023 1532 pavimenta
1036 1462 1148 1527 Punica,
1162 1475 1190 1515 et
1265 1525 1268 1532 Δ
1282 1460 1286 1466 ’

159 1559 225 1611 quas
241 1541 394 1614 Propertius
406 1542 536 1594 columnas
550 1542 656 1594 Panas.
679 1542 787 1611 Popma.
807 1573 840 1583 -
861 1543 973 1613 Pighius
990 1548 1062 1598 Ann.
1080 1545 1134 1598 vol.
1152 1546 1187 1609 ll,

159 1644 188 1696 p.
199 1624 250 1678 442
261 1644 268 1675 :
281 1647 294 1673 u
304 1624 370 1677 Cato
386 1625 415 1675 in
427 1625 477 1676 hac
491 1625 609 1676 oratione
623 1625 694 1676 inter
707 1623 757 1676 alia
771 1625 992 1694 conquerebatur,
1010 1627 1109 1681 multos
1124 1641 1188 1682 tunc

158 1729 214 1762 non
228 1709 382 1780 reipublicae
394 1709 569 1784 provehendae
582 1728 674 1774 causa,
694 1710 740 1763 sed
758 1712 873 1762 avaritiae
892 1708 1024 1780 luxusque
1042 1715 1086 1764 sui
1102 1715 1192 1768 studio

160 1796 328 1870 magistratus
342 1816 371 1850 ac
384 1797 534 1869 provincias
546 1795 655 1860 ambire,
667 1810 698 1849 ut
711 1815 755 1850 eas
768 1797 926 1870 expilarent,
936 1817 966 1851 ac
975 1799 1076 1870 praedas
1084 1799 1189 1856 domum

157 1877 287 1935 veherent
299 1886 336 1954 (et
347 1883 425 1936 villas
438 1883 577 1955 pretiosas,
591 1902 703 1953 quarum
713 1882 741 1935 in
751 1883 897 1955 fragmento
909 1884 941 1960 lit
951 1885 1059 1949 mentio,
1069 1897 1190 1939 exstrue-

158 1969 241 2038 rent).
257 1967 418 2020 Plutarchus
429 1967 509 2020 etiam
523 1966 593 2019 inter
604 1965 713 2018 Catonis
730 1967 795 2020 scite
808 1967 879 2028 dicta
890 1968 1007 2038 quaedam
1021 1968 1050 2020 in
1064 1967 1123 2040 ejus
1132 1970 1192 2024 Vita

162 2053 195 2122 (c.
207 2053 234 2121 8)
247 2063 377 2113 recenset,
391 2068 450 2120 quse
462 2069 495 2102 ex
508 2049 625 2102 oratione
634 2045 689 2119 jam
701 2049 772 2102 dicta
783 2050 907 2103 videntur
916 2051 1078 2123 deprompta.
1094 2053 1192 2106 Scribit

159 2140 239 2202 enim,
250 2157 311 2190 cum
319 2137 433 2210 graviter
440 2137 506 2190 Cato
514 2135 645 2208 populum
654 2134 834 2208 redargueret,
843 2137 914 2208 quod
927 2138 1031 2191 eosdem
1040 2139 1192 2209 frequenter

161 2226 271 2278 summis
282 2224 480 2296 magistratibus
493 2223 653 2295 praeficeret3
672 2223 709 2275 sic
723 2223 828 2294 inquitt
842 2225 871 2278 V
867 2225 895 2277 cl
908 2224 1052 2294 vilifacere
1068 2245 1191 2280 summam

155 2315 313 2378 potestatem
324 2305 454 2368 aidemari,
467 2307 510 2360 vel
515 2307 601 2376 pauci
609 2312 671 2358 sunt
684 2304 710 2356 in
722 2304 839 2370 civitate,
853 2325 917 2378 quos
930 2307 1030 2362 &eaeor
1042 2316 1092 2362 aut
1103 2309 1192 2382 dr'gaos

160 2392 246 2444 eadem
258 2389 424 2446 existimata.
437 2413 449 2440 u
464 2387 594 2457 [-Cr'tro.
606 2388 721 2460 Lignum
733 2389 845 2442 citrenm
857 2391 984 2444 Romanis
997 2411 1062 2445 auro
1071 2393 1123 2445 fuit
1131 2412 1191 2464 pre-

161 2478 271 2532 tiosius:
285 2498 312 2530 v.
325 2497 391 2549 quos
404 2481 470 2538 citat
481 2476 646 2547 Schoettgen.
660 2473 695 2527 ad
705 2475 851 2527 Varronem
866 2474 904 2528 De
919 2496 946 2528 re
959 2491 1030 2530 rust.
1039 2478 1086 2542 ΙΙΙ,
1100 2483 1126 2541 2,
1139 2479 1165 2530 4.
1178 2502 1190 2528 ο

162 2559 277 2614 Bolltus‘s.
288 2581 316 2634 p.
329 2563 387 2615 158.
398 2560 472 2614 Adde
482 2556 675 2612 Mitsoherlich.
685 2558 718 2609 ad
729 2557 821 2610 Horat.
832 2557 884 2611 od.
894 2560 941 2623 ΙΙΙ,
956 2561 980 2623 l,
992 2561 1048 2626 20.]

131 2683 287 2747 Priscian.
305 2685 363 2760 ΙΙΙ,
388 2685 417 2758 l,
437 2704 468 2766 p.
492 2681 569 2745 108:
587 2681 665 2744 Cato
687 2675 721 2741 in
742 2677 900 2756 oratione,
923 2700 963 2742 ne
985 2681 1054 2761 quis
1080 2677 1193 2743 iterum

92 2783 200 2844 consul
213 2781 284 2844 fiat:
295 2784 474 2862 Imperator
485 2778 608 2839 diadem
625 2784 719 2860 capia,
730 2781 901 2838 exercitum
920 2780 1098 2849 meliorem,
1109 2780 1193 2838 indu·

93 2885 235 2941 stn‘orem
242 2875 337 2962 'facia

128 3018 288 3078 *meltbrem
299 3016 490 3090 iadustrrqrcm]
509 3018 546 3072 sic
558 3004 663 3070 lirelilii
675 3015 794 3079 codicem
808 3015 869 3068 edd.
883 3027 943 3068 ante
957 3034 1018 3068 eum
1030 3017 1088 3070 mel.
1099 3023 1126 3070 et
1138 3016 1191 3072 irad.

164 3103 286 3174 Meyerus
298 3100 387 3153 omisit
399 3099 541 3159 mclr'orem,
557 3118 618 3151 cum
632 3117 687 3150 uno
699 3096 788 3150 codice
803 3110 830 3150 et
842 3109 917 3150 textu
929 3097 1043 3162 Krehlii,
1061 3100 1108 3169 qui
1126 3099 1194 3153 hanc

24 3171 26 3176 Ι
133 3192 142 3212 ”
164 3185 336 3237 temeritatem
347 3182 405 3253 ipse
418 3181 551 3234 damnavit
564 3183 591 3232 in
602 3179 670 3232 Add.
682 3200 709 3252 p.
723 3181 785 3233 315.

136 3283 217 3345 Plut.
235 3282 306 3346 Cat.
321 3303 350 3343 c.
368 3283 406 3344 8:
421 3294 480 3350 Τοὺς
499 3288 526 3342 di
544 3290 659 3349 πολλάκις
686 3291 766 3362 ἄρχειν
781 3286 977 3373 ’σπουδάζονταῇ
1006 3291 1060 3358 ἔφη,
1084 3290 1193 3360 καθάπερ

95 3382 238 3454 ἀγνοοῦντας
250 3381 291 3437 τὴν
306 3377 370 3443 ὁδὸν,
382 3377 421 3429 ἀεὶ
434 3373 496 3448 μετὰ
510 3372 651 3448 ῥαβδούχων
665 3376 740 3434 ζητιῐν
748 3375 897 3444 πορεύεσθαι,
912 3375 1111 3444 chaluiniaco.
1120 3373 1194 3424 Ἐπο-

95 3478 154 3549 τίμοι
169 3473 198 3528 δὲ
211 3475 254 3527 καὶ
269 3479 317 3536 τοῖς
330 3476 439 3534 πολίταις
455 3474 508 3532 τοὺς
523 3472 607 3530 αὐτοὺς
619 3473 764 3542 αἱρουμένοις
776 3471 892 3530 πολλάκις
902 3472 1029 3542 ἄρχοντος.
1040 3469 1122 3530 Δόξιτε
1135 3468 1194 3547 γὰρ,

95 3567 147 3632 ἔφη,
161 3565 176 3620 ἢ
191 3563 225 3636 μὴ
237 3567 326 3614 πολλοῦ
339 3563 366 3614 τὸ
376 3562 456 3634 ἄρχειν
470 3560 543 3625 ἄξιον,
556 3559 572 3616 ἢ
583 3558 617 3628 μὴ
630 3557 731 3616 πολλοὺς
742 3558 794 3616 τοὺς
809 3558 889 3628 ἄρχειν
903 3555 979 3618 ἀξίους
992 3557 1109 3627 ἡγεῖσθαι.

330 3759 383 3822 46.
407 3779 518 3822 onsrro
534 3780 573 3820 nn
588 3777 680 3822 annno
695 3774 954 3820 cannuacrnrausr.
1225 3800 1272 3871 56

135 3917 362 3994 Argumentum
382 3910 483 3992 hujus,
506 3908 756 3992 quaean110603
778 3907 884 3969 habita
908 3917 966 3979 cet,
989 3903 1141 3972 orationis
1161 3927 1199 3967 ex
1222 3891 1227 3908 ''

95 4015 262 4078 Plutarcho
270 4015 334 4079 Vit.
350 4013 421 4077 Cat.
434 4033 504 4094 cap.
518 4013 557 4075 26
575 4011 640 4093 peti
659 4022 771 4094 potest.
788 4003 976 4096 [Historicos
995 4004 1114 4068 addidit
1133 4007 1201 4066 Bol-

95 4110 175 4175 huis.
188 4132 221 4194 p.
235 4107 323 4198 toa]
347 4114 388 4173 M.
406 4107 535 4173 Catonis
554 4105 688 4172 consilio
705 4108 825 4170 illatum
847 4120 894 4170 est
912 4105 1029 4168 bellum
1048 4101 1204 4197 Punicum¹
