2934 4846
770 369 830 418 xlv

251 487 548 586 persequentibus
576 486 787 583 eloquentiae
822 487 991 560 Romanae
1023 483 1203 560 historiam
1235 484 1353 558 incre·

251 626 371 685 menta
393 609 545 684 simulet
562 610 689 686 florem
710 609 788 709 ejus
803 624 917 710 atque
935 608 1118 682 interitum
1138 631 1352 704 cognoscere

251 733 385 813 licebit.

298 858 338 927 lu
354 879 462 952 opere
483 868 599 927 autem
618 853 834 928 elaborando
848 853 995 925 multum
1011 853 1174 952 profuere
1191 852 1353 926 Annales

250 981 376 1078 Pighii,
401 980 597 1054 immortale
611 1005 711 1078 opus,
735 997 772 1051 et
788 980 953 1056 Ellendtii
967 981 1122 1082 Historia
1138 981 1352 1080 eloquentiae

253 1112 437 1198 Romanae,
457 1108 608 1182 editioni
625 1109 725 1180 Bruti
741 1111 942 1208 praeposita,
968 1110 1029 1208 qui
1047 1133 1171 1182 omnes
1190 1125 1350 1182 oratores

248 1234 434 1332 usquead
463 1232 616 1328 Augusti
649 1233 836 1330 imperium
867 1235 1006 1307 erudite
1034 1235 1268 1333 persequitur.
1297 1235 1351 1304 De

248 1358 355 1430 tertia
371 1353 452 1427 libri
463 1357 531 1425 mei
548 1369 660 1452 parte,
680 1354 724 1424 de
738 1356 837 1425 novis
856 1355 1058 1426 oratoribus
1076 1357 1156 1426 inde
1172 1357 1218 1430 ab
1233 1357 1352 1452 Augu·

247 1498 302 1554 sto
331 1477 516 1576 usquead
542 1477 775 1549 remotissima
799 1493 956 1576 tempora
972 1476 1107 1549 Aurelii
1134 1477 1349 1574 Symmachi,

246 1601 339 1674 nihil
362 1601 477 1674 adhuc
501 1602 547 1672 ab
568 1598 643 1672 aliis
668 1617 898 1680 memoratum
924 1603 1054 1673 inveni.
1086 1601 1234 1678 Librum
1257 1604 1351 1672 enim

247 1728 400 1802 Andreae
415 1726 556 1806 Schotti
571 1707 617 1805 ile
643 1725 747 1798 claris
762 1726 854 1826 apud
872 1729 1042 1800 Senecam
1063 1726 1289 1816 rhetoribus,
1315 1730 1351 1800 in

247 1878 319 1952 quo
348 1850 460 1934 multa
490 1867 526 1922 et
554 1849 648 1923 bona
671 1849 909 1948 latercpum,
937 1852 1094 1923 nancisci
1127 1877 1201 1923 non
1230 1854 1347 1950 potui.

246 1973 394 2074 [Neque
415 1975 452 2045 in
465 1971 577 2070 Regia
596 1972 817 2045 Bibliotheca
840 1975 1033 2072 servatur]
1052 1975 1104 2048 Ex
1118 1977 1231 2046 Brute
1245 1976 1348 2048 Cice·

243 2102 343 2178 renis
364 2098 552 2198 plurimum
575 2099 663 2170 lucis
684 2101 863 2171 attulimus
886 2101 929 2172 ad
954 2102 1254 2196 cognoscendum,
1285 2106 1348 2207 qui

243 2230 310 2299 sint
332 2244 494 2299 oratores
511 2227 645 2324 antiqui
662 2243 699 2298 et
716 2228 841 2316 medii,
869 2252 909 2298 ac
937 2228 1029 2326 quali
1048 2230 1198 2327 quisque
1221 2254 1345 2302 eornm

242 2350 527 2448 generedicendi
546 2350 591 2421 sit
605 2375 701 2422 usus.
727 2353 781 2422 De
802 2353 906 2424 novis
931 2367 1047 2423 autem
1066 2353 1267 2426 oratoribus
1284 2353 1346 2428 Se-

241 2501 330 2549 neca
347 2492 451 2574 pater
463 2492 501 2548 et
512 2473 749 2570 Quintilianus
759 2475 840 2549 sons
853 2493 908 2549 est
922 2475 1135 2550 uberrimus.
1155 2479 1348 2551 Oratorum

239 2601 560 2702 antiquissimorum
573 2600 744 2708 pleraque
758 2599 953 2698 fragmenta
967 2627 987 2674 a
1003 2597 1134 2692 Gellio,
1147 2603 1344 2690 Macrobio,

240 2727 435 2812 Frontone,
456 2728 563 2798 Festo
580 2742 689 2823 atque
710 2727 825 2797 Nonio
843 2740 881 2798 et
895 2721 1077 2797 Prisciano
1092 2743 1232 2798 servata
1246 2743 1345 2816 sunt,

238 2865 274 2920 et
291 2850 448 2946 quamvis
468 2850 554 2920 alias
576 2851 807 2944 grammatici,
828 2865 867 2919 ut
889 2850 1025 2919 Nonius
1041 2871 1082 2919 ac
1101 2852 1242 2937 FestuS,
1270 2875 1345 2922 non

239 2970 387 3044 multam
402 2970 542 3046 laudem
556 2971 725 3042 doctrinae
741 2986 777 3040 et
792 2969 1004 3041 eruditionis
1020 2973 1136 3043 meriti
1151 2973 1234 3062 sint,
1250 2977 1285 3048 iu
1302 3001 1343 3047 co

238 3115 355 3171 tamen
380 3121 559 3196 uunquam
583 3121 657 3168 non
689 3120 751 3169 eos
780 3095 994 3194 praedicabo,
1014 3100 1111 3196 quod
1139 3105 1343 3175 memoriam

239 3220 436 3294 multorum
462 3221 676 3317 scriptorum
700 3238 978 3309 conservarunt,
1006 3225 1176 3324 quodque
1198 3227 1273 3297 sine
1294 3229 1343 3300 eis

239 3350 422 3420 maximam
442 3363 576 3445 partem
594 3347 775 3419 literarum
795 3349 1025 3420 oratoriarum
1043 3365 1079 3419 et
1099 3349 1343 3424 historicarum

239 3476 336 3572 apud
354 3476 533 3546 Romanos
550 3472 651 3573 plane
672 3477 927 3574 ignoraremus.
943 3475 1016 3547 Nec
1033 3476 1142 3547 credo
1163 3476 1238 3551 fore
1256 3479 1342 3549 mul·

240 3617 295 3674 tos
309 3603 370 3700 qui
380 3601 562 3687 mirentur,
579 3628 643 3674 cur
658 3600 876 3674 orationibus
889 3601 936 3672 ab
948 3601 1155 3674 auctoribus
1167 3604 1339 3692 historiae,

240 3722 418 3813 Sallustio,
433 3725 542 3814 Livio,
566 3725 703 3812 Tacito,
724 3725 909 3822 Dionysio,
929 3722 1094 3818 Polybio,
1121 3726 1251 3814 Dione,
1269 3728 1342 3827 Ap·

238 3852 342 3948 piano
359 3835 591 3924 illustrissimo
616 3853 741 3949 cuique
771 3851 901 3922 oratori
931 3849 1064 3922 traditis
1090 3849 1219 3924 nullam
1242 3878 1340 3950 paene

235 3977 480 4064 auctoritatem
505 3975 697 4048 tribuerim.
721 3977 869 4046 Veteres
893 3975 983 4046 enim
1009 4000 1114 4072 quam
1136 3993 1337 4052 nostrorum
