<?xml version="1.0" encoding="UTF-8"?>
<!DOCTYPE html PUBLIC "-//W3C//DTD XHTML 1.0 Transitional//EN"
    "http://www.w3.org/TR/xhtml1/DTD/xhtml1-transitional.dtd">
<html xmlns="http://www.w3.org/1999/xhtml" xml:lang="en" lang="en">
 <head>
  <title>
</title>
<meta http-equiv="Content-Type" content="text/html;charset=utf-8" />
  <meta name='ocr-system' content='tesseract 3.04.00' />
  <meta name='ocr-capabilities' content='ocr_page ocr_carea ocr_par ocr_line ocrx_word'/>
</head>
<body>
  <div class='ocr_page' id='page_1' title='image "./oratorumromanor00meyegoog_0022.png"; bbox 0 0 2934 4846; ppageno 0'>
   <div class='ocr_carea' id='block_1_1' title="bbox 744 369 791 416">
    <p class='ocr_par' dir='ltr' id='par_1_1' title="bbox 744 369 791 416">
     <span class='ocr_line' id='line_1_1' title="bbox 744 369 791 416; baseline -0.021 0"><span class='ocrx_word' id='word_1_1' title='bbox 744 369 791 416; x_wconf 79' lang='lat'><strong>111</strong></span> 
     </span>
    </p>
   </div>
   <div class='ocr_carea' id='block_1_2' title="bbox 222 493 1329 2595">
    <p class='ocr_par' dir='ltr' id='par_1_2' title="bbox 222 493 1324 1480">
     <span class='ocr_line' id='line_1_2' title="bbox 224 493 1323 592; baseline -0.002 -25"><span class='ocrx_word' id='word_1_2' title='bbox 224 508 377 580; x_wconf 84' lang='lat' dir='ltr'><strong>exstant,</strong></span> <span class='ocrx_word' id='word_1_3' title='bbox 395 493 442 564; x_wconf 84' lang='lat' dir='ltr'><strong>ita</strong></span> <span class='ocrx_word' id='word_1_4' title='bbox 460 510 500 565; x_wconf 89' lang='lat' dir='ltr'><strong>ut</strong></span> <span class='ocrx_word' id='word_1_5' title='bbox 514 495 596 566; x_wconf 90' lang='lat' dir='ltr'><strong>satis</strong></span> <span class='ocrx_word' id='word_1_6' title='bbox 621 511 774 580; x_wconf 88' lang='lat' dir='ltr'><strong>constet,</strong></span> <span class='ocrx_word' id='word_1_7' title='bbox 797 509 958 592; x_wconf 86' lang='lat' dir='ltr'><strong>posteros</strong></span> <span class='ocrx_word' id='word_1_8' title='bbox 973 519 1054 566; x_wconf 84' lang='lat' dir='ltr'><strong>mox</strong></span> <span class='ocrx_word' id='word_1_9' title='bbox 1069 517 1192 566; x_wconf 90' lang='lat' dir='ltr'><strong>eorum</strong></span> <span class='ocrx_word' id='word_1_10' title='bbox 1216 515 1323 591; x_wconf 87' lang='lat' dir='ltr'><strong>opera</strong></span> 
     </span>
     <span class='ocr_line' id='line_1_3' title="bbox 222 617 1322 720; baseline 0 -28"><span class='ocrx_word' id='word_1_11' title='bbox 222 619 386 692; x_wconf 89' lang='lat' dir='ltr'><strong>oblivioni</strong></span> <span class='ocrx_word' id='word_1_12' title='bbox 401 621 599 718; x_wconf 78' lang='lat' dir='ltr'>tradidisse,</span> <span class='ocrx_word' id='word_1_13' title='bbox 625 621 864 720; x_wconf 86' lang='lat' dir='ltr'><strong>majoremque</strong></span> <span class='ocrx_word' id='word_1_14' title='bbox 876 617 931 694; x_wconf 47' lang='lat' dir='ltr'><strong>‘ex</strong></span> <span class='ocrx_word' id='word_1_15' title='bbox 947 624 1147 718; x_wconf 81' lang='lat' dir='ltr'>cognitione</span> <span class='ocrx_word' id='word_1_16' title='bbox 1167 622 1322 718; x_wconf 75' lang='lat' dir='ltr'><strong>priorum</strong></span> 
     </span>
     <span class='ocr_line' id='line_1_4' title="bbox 224 745 1324 846; baseline 0 -28"><span class='ocrx_word' id='word_1_17' title='bbox 224 762 403 820; x_wconf 86' lang='lat' dir='ltr'><strong>oratorum</strong></span> <span class='ocrx_word' id='word_1_18' title='bbox 420 746 637 843; x_wconf 88' lang='lat' dir='ltr'><strong>voluptatem</strong></span> <span class='ocrx_word' id='word_1_19' title='bbox 654 750 866 846; x_wconf 80' lang='lat' dir='ltr'><strong>percepisse.</strong></span> <span class='ocrx_word' id='word_1_20' title='bbox 894 749 933 818; x_wconf 94' lang='lat' dir='ltr'><strong>ln</strong></span> <span class='ocrx_word' id='word_1_21' title='bbox 953 749 1098 820; x_wconf 77' lang='lat' dir='ltr'><strong>Senecae</strong></span> <span class='ocrx_word' id='word_1_22' title='bbox 1115 749 1207 820; x_wconf 88' lang='lat' dir='ltr'><strong>enim</strong></span> <span class='ocrx_word' id='word_1_23' title='bbox 1222 745 1324 818; x_wconf 91' lang='lat' dir='ltr'><strong>libris</strong></span> 
     </span>
     <span class='ocr_line' id='line_1_5' title="bbox 222 872 1323 969; baseline 0.001 -26"><span class='ocrx_word' id='word_1_24' title='bbox 222 872 410 945; x_wconf 88' lang='lat' dir='ltr'><strong>rhetoricis</strong></span> <span class='ocrx_word' id='word_1_25' title='bbox 431 895 505 942; x_wconf 90' lang='lat' dir='ltr'><strong>non</strong></span> <span class='ocrx_word' id='word_1_26' title='bbox 531 889 700 969; x_wconf 82' lang='lat' dir='ltr'><strong>excerpta</strong></span> <span class='ocrx_word' id='word_1_27' title='bbox 720 875 916 945; x_wconf 89' lang='lat' dir='ltr'><strong>orationum</strong></span> <span class='ocrx_word' id='word_1_28' title='bbox 937 873 1180 961; x_wconf 86' lang='lat' dir='ltr'><strong>continentur,</strong></span> <span class='ocrx_word' id='word_1_29' title='bbox 1203 874 1323 946; x_wconf 83' lang='lat' dir='ltr'><strong>sodex</strong></span> 
     </span>
     <span class='ocr_line' id='line_1_6' title="bbox 224 998 1324 1100; baseline 0.005 -30"><span class='ocrx_word' id='word_1_30' title='bbox 224 998 535 1073; x_wconf 81' lang='lat' dir='ltr'><strong>declamationibus</strong></span> <span class='ocrx_word' id='word_1_31' title='bbox 551 1002 620 1073; x_wconf 88' lang='lat' dir='ltr'><strong>loci</strong></span> <span class='ocrx_word' id='word_1_32' title='bbox 633 999 861 1100; x_wconf 78' lang='lat' dir='ltr'><strong>pulcherrimi</strong></span> <span class='ocrx_word' id='word_1_33' title='bbox 872 1001 929 1073; x_wconf 82' lang='lat' dir='ltr'><strong>vel</strong></span> <span class='ocrx_word' id='word_1_34' title='bbox 940 1019 1042 1075; x_wconf 88' lang='lat' dir='ltr'><strong>acute</strong></span> <span class='ocrx_word' id='word_1_35' title='bbox 1057 1002 1153 1073; x_wconf 84' lang='lat' dir='ltr'><strong>dicta</strong></span> <span class='ocrx_word' id='word_1_36' title='bbox 1165 1002 1324 1076; x_wconf 87' lang='lat' dir='ltr'><strong>referun-</strong></span> 
     </span>
     <span class='ocr_line' id='line_1_7' title="bbox 226 1125 1323 1227; baseline 0.004 -32"><span class='ocrx_word' id='word_1_37' title='bbox 226 1143 294 1210; x_wconf 86' lang='lat' dir='ltr'><strong>tur,</strong></span> <span class='ocrx_word' id='word_1_38' title='bbox 310 1127 357 1197; x_wconf 90' lang='lat' dir='ltr'><strong>ita</strong></span> <span class='ocrx_word' id='word_1_39' title='bbox 370 1141 409 1196; x_wconf 94' lang='lat' dir='ltr'><strong>ut</strong></span> <span class='ocrx_word' id='word_1_40' title='bbox 423 1125 888 1224; x_wconf 82' lang='lat' dir='ltr'><strong>variadeclamandigenera,</strong></span> <span class='ocrx_word' id='word_1_41' title='bbox 903 1127 1032 1227; x_wconf 91' lang='lat' dir='ltr'><strong>quibus</strong></span> <span class='ocrx_word' id='word_1_42' title='bbox 1040 1127 1179 1198; x_wconf 81' lang='lat' dir='ltr'><strong>Asinius</strong></span> <span class='ocrx_word' id='word_1_43' title='bbox 1189 1127 1301 1199; x_wconf 92' lang='lat' dir='ltr'><strong>Pollio</strong></span> <span class='ocrx_word' id='word_1_44' title='bbox 1313 1181 1323 1212; x_wconf 88' lang='lat'>,</span> 
     </span>
     <span class='ocr_line' id='line_1_8' title="bbox 223 1251 1323 1350; baseline 0.002 -26"><span class='ocrx_word' id='word_1_45' title='bbox 223 1254 377 1341; x_wconf 86' lang='lat' dir='ltr'><strong>Cestius,</strong></span> <span class='ocrx_word' id='word_1_46' title='bbox 397 1255 587 1324; x_wconf 86' lang='lat' dir='ltr'><strong>Passienus</strong></span> <span class='ocrx_word' id='word_1_47' title='bbox 603 1267 639 1322; x_wconf 92' lang='lat' dir='ltr'><strong>et</strong></span> <span class='ocrx_word' id='word_1_48' title='bbox 653 1251 753 1323; x_wconf 90' lang='lat' dir='ltr'><strong>multi</strong></span> <span class='ocrx_word' id='word_1_49' title='bbox 768 1251 824 1323; x_wconf 89' lang='lat' dir='ltr'><strong>alii</strong></span> <span class='ocrx_word' id='word_1_50' title='bbox 840 1252 1047 1339; x_wconf 85' lang='lat' dir='ltr'><strong>utebantur,</strong></span> <span class='ocrx_word' id='word_1_51' title='bbox 1068 1277 1112 1324; x_wconf 83' lang='lat' dir='ltr'><strong>ex</strong></span> <span class='ocrx_word' id='word_1_52' title='bbox 1131 1255 1171 1326; x_wconf 92' lang='lat' dir='ltr'><strong>iis</strong></span> <span class='ocrx_word' id='word_1_53' title='bbox 1188 1279 1323 1350; x_wconf 83' lang='lat' dir='ltr'><strong>cogno·</strong></span> 
     </span>
     <span class='ocr_line' id='line_1_9' title="bbox 225 1377 725 1480; baseline 0.002 -28"><span class='ocrx_word' id='word_1_54' title='bbox 225 1377 397 1455; x_wconf 80' lang='lat' dir='ltr'><strong>scamus.&#39;</strong></span> <span class='ocrx_word' id='word_1_55' title='bbox 722 1473 725 1480; x_wconf 18' lang='grc' dir='ltr'><strong>Δ</strong></span> 
     </span>
    </p>

    <p class='ocr_par' dir='ltr' id='par_1_3' title="bbox 224 1508 1329 2595">
     <span class='ocr_line' id='line_1_10' title="bbox 273 1508 1325 1608; baseline 0.007 -29"><span class='ocrx_word' id='word_1_56' title='bbox 273 1509 697 1605; x_wconf 83' lang='lat' dir='ltr'><strong>Emergunttemporibus</strong></span> <span class='ocrx_word' id='word_1_57' title='bbox 710 1531 852 1608; x_wconf 92' lang='lat' dir='ltr'><strong>quoque</strong></span> <span class='ocrx_word' id='word_1_58' title='bbox 865 1508 1137 1606; x_wconf 85' lang='lat' dir='ltr'><strong>insequentibus</strong></span> <span class='ocrx_word' id='word_1_59' title='bbox 1147 1511 1325 1586; x_wconf 89' lang='lat' dir='ltr'><strong>interdum</strong></span> 
     </span>
     <span class='ocr_line' id='line_1_11' title="bbox 224 1613 1326 1734; baseline 0.006 -32"><span class='ocrx_word' id='word_1_60' title='bbox 224 1637 287 1706; x_wconf 84' lang='lat' dir='ltr'><strong>viri</strong></span> <span class='ocrx_word' id='word_1_61' title='bbox 329 1634 489 1705; x_wconf 76' lang='lat' dir='ltr'><strong>facundia</strong></span> <span class='ocrx_word' id='word_1_62' title='bbox 515 1613 612 1720; x_wconf 80' lang='lat' dir='ltr'><strong>olari,</strong></span> <span class='ocrx_word' id='word_1_63' title='bbox 638 1637 784 1734; x_wconf 81' lang='lat' dir='ltr'><strong>quique,</strong></span> <span class='ocrx_word' id='word_1_64' title='bbox 805 1652 844 1708; x_wconf 88' lang='lat' dir='ltr'><strong>ut</strong></span> <span class='ocrx_word' id='word_1_65' title='bbox 863 1637 1016 1722; x_wconf 84' lang='lat' dir='ltr'><strong>Fronto,</strong></span> <span class='ocrx_word' id='word_1_66' title='bbox 1043 1636 1223 1707; x_wconf 90' lang='lat' dir='ltr'><strong>orationes</strong></span> <span class='ocrx_word' id='word_1_67' title='bbox 1241 1640 1326 1709; x_wconf 88' lang='lat' dir='ltr'><strong>scri·</strong></span> 
     </span>
     <span class='ocr_line' id='line_1_12' title="bbox 226 1757 1328 1859; baseline 0.003 -29"><span class='ocrx_word' id='word_1_68' title='bbox 226 1775 304 1854; x_wconf 86' lang='lat' dir='ltr'><strong>ptas</strong></span> <span class='ocrx_word' id='word_1_69' title='bbox 331 1758 563 1858; x_wconf 90' lang='lat' dir='ltr'><strong>reliquerunt;</strong></span> <span class='ocrx_word' id='word_1_70' title='bbox 592 1762 664 1833; x_wconf 92' lang='lat' dir='ltr'><strong>imo</strong></span> <span class='ocrx_word' id='word_1_71' title='bbox 681 1762 918 1859; x_wconf 87' lang='lat' dir='ltr'><strong>imperatores</strong></span> <span class='ocrx_word' id='word_1_72' title='bbox 945 1757 1120 1847; x_wconf 92' lang='lat' dir='ltr'><strong>nonnulli,</strong></span> <span class='ocrx_word' id='word_1_73' title='bbox 1146 1761 1276 1832; x_wconf 87' lang='lat' dir='ltr'><strong>virtute</strong></span> <span class='ocrx_word' id='word_1_74' title='bbox 1292 1780 1328 1833; x_wconf 91' lang='lat' dir='ltr'><strong>et</strong></span> 
     </span>
     <span class='ocr_line' id='line_1_13' title="bbox 225 1884 1327 1981; baseline 0.004 -26"><span class='ocrx_word' id='word_1_75' title='bbox 225 1885 335 1958; x_wconf 87' lang='lat' dir='ltr'><strong>literis</strong></span> <span class='ocrx_word' id='word_1_76' title='bbox 352 1887 517 1981; x_wconf 85' lang='lat' dir='ltr'><strong>insignes,</strong></span> <span class='ocrx_word' id='word_1_77' title='bbox 543 1884 636 1958; x_wconf 88' lang='lat' dir='ltr'><strong>idem</strong></span> <span class='ocrx_word' id='word_1_78' title='bbox 661 1887 834 1959; x_wconf 86' lang='lat' dir='ltr'><strong>feceruut.</strong></span> <span class='ocrx_word' id='word_1_79' title='bbox 854 1886 990 1957; x_wconf 85' lang='lat' dir='ltr'><strong>Eorum</strong></span> <span class='ocrx_word' id='word_1_80' title='bbox 1014 1901 1130 1957; x_wconf 88' lang='lat' dir='ltr'><strong>tamen</strong></span> <span class='ocrx_word' id='word_1_81' title='bbox 1150 1887 1327 1961; x_wconf 90' lang='lat' dir='ltr'><strong>orationes</strong></span> 
     </span>
     <span class='ocr_line' id='line_1_14' title="bbox 227 2009 1328 2112; baseline 0.004 -30"><span class='ocrx_word' id='word_1_82' title='bbox 227 2011 435 2108; x_wconf 86' lang='lat' dir='ltr'><strong>plerumque</strong></span> <span class='ocrx_word' id='word_1_83' title='bbox 448 2013 581 2106; x_wconf 88' lang='lat' dir='ltr'><strong>dejure</strong></span> <span class='ocrx_word' id='word_1_84' title='bbox 596 2012 686 2084; x_wconf 88' lang='lat' dir='ltr'><strong>civili</strong></span> <span class='ocrx_word' id='word_1_85' title='bbox 701 2014 913 2112; x_wconf 87' lang='lat' dir='ltr'><strong>quaestiones</strong></span> <span class='ocrx_word' id='word_1_86' title='bbox 928 2011 1136 2084; x_wconf 75' lang='lat' dir='ltr'><strong>tractabant.</strong></span> <span class='ocrx_word' id='word_1_87' title='bbox 1154 2009 1328 2110; x_wconf 88' lang='lat' dir='ltr'><strong>Eloquen-</strong></span> 
     </span>
     <span class='ocr_line' id='line_1_15' title="bbox 228 2137 1324 2236; baseline 0.005 -30"><span class='ocrx_word' id='word_1_88' title='bbox 228 2138 276 2208; x_wconf 89' lang='lat' dir='ltr'><strong>tia</strong></span> <span class='ocrx_word' id='word_1_89' title='bbox 290 2138 478 2232; x_wconf 87' lang='lat' dir='ltr'><strong>pristinnm</strong></span> <span class='ocrx_word' id='word_1_90' title='bbox 496 2137 727 2236; x_wconf 90' lang='lat' dir='ltr'><strong>splendorem</strong></span> <span class='ocrx_word' id='word_1_91' title='bbox 752 2156 787 2211; x_wconf 90' lang='lat' dir='ltr'><strong>et</strong></span> <span class='ocrx_word' id='word_1_92' title='bbox 803 2139 960 2235; x_wconf 92' lang='lat' dir='ltr'><strong>spiritum</strong></span> <span class='ocrx_word' id='word_1_93' title='bbox 982 2161 1126 2232; x_wconf 91' lang='lat' dir='ltr'><strong>prorsus</strong></span> <span class='ocrx_word' id='word_1_94' title='bbox 1150 2139 1324 2225; x_wconf 82' lang='lat' dir='ltr'><strong>omiserat,</strong></span> 
     </span>
     <span class='ocr_line' id='line_1_16' title="bbox 231 2259 1323 2362; baseline 0.005 -32"><span class='ocrx_word' id='word_1_95' title='bbox 231 2277 271 2331; x_wconf 88' lang='lat' dir='ltr'><strong>ut</strong></span> <span class='ocrx_word' id='word_1_96' title='bbox 297 2263 431 2334; x_wconf 84' lang='lat' dir='ltr'><strong>Fronto</strong></span> <span class='ocrx_word' id='word_1_97' title='bbox 451 2265 525 2359; x_wconf 90' lang='lat' dir='ltr'><strong>ipse</strong></span> <span class='ocrx_word' id='word_1_98' title='bbox 547 2263 730 2336; x_wconf 88' lang='lat' dir='ltr'><strong>confessus</strong></span> <span class='ocrx_word' id='word_1_99' title='bbox 749 2280 803 2336; x_wconf 91' lang='lat' dir='ltr'><strong>est</strong></span> <span class='ocrx_word' id='word_1_100' title='bbox 825 2264 861 2332; x_wconf 93' lang='lat' dir='ltr'><strong>in</strong></span> <span class='ocrx_word' id='word_1_101' title='bbox 879 2261 971 2332; x_wconf 87' lang='lat' dir='ltr'><strong>libro</strong></span> <span class='ocrx_word' id='word_1_102' title='bbox 990 2263 1044 2332; x_wconf 89' lang='lat' dir='ltr'><strong>De</strong></span> <span class='ocrx_word' id='word_1_103' title='bbox 1062 2259 1269 2359; x_wconf 89' lang='lat' dir='ltr'><strong>eloquentia</strong></span> <span class='ocrx_word' id='word_1_104' title='bbox 1286 2291 1323 2362; x_wconf 91' lang='lat' dir='ltr'><strong>p.</strong></span> 
     </span>
     <span class='ocr_line' id='line_1_17' title="bbox 234 2385 1329 2471; baseline 0.003 -13"><span class='ocrx_word' id='word_1_105' title='bbox 234 2387 305 2458; x_wconf 69' lang='lat'><strong>228</strong></span> <span class='ocrx_word' id='word_1_106' title='bbox 322 2413 331 2457; x_wconf 80' lang='lat' dir='ltr'><strong>t</strong></span> <span class='ocrx_word' id='word_1_107' title='bbox 352 2387 572 2460; x_wconf 76' lang='lat' dir='ltr'><strong>[mmortales</strong></span> <span class='ocrx_word' id='word_1_108' title='bbox 584 2385 645 2459; x_wconf 81' lang='lat' dir='ltr'><strong>dt&#39;r&#39;</strong></span> <span class='ocrx_word' id='word_1_109' title='bbox 662 2388 817 2471; x_wconf 65' lang='lat' dir='ltr'><strong>reiteraret,</strong></span> <span class='ocrx_word' id='word_1_110' title='bbox 843 2389 1016 2457; x_wconf 76' lang='lat' dir='ltr'><strong>comitium</strong></span> <span class='ocrx_word' id='word_1_111' title='bbox 1038 2387 1199 2458; x_wconf 75' lang='lat' dir='ltr'><strong>etr&#39;osoo</strong></span> <span class='ocrx_word' id='word_1_112' title='bbox 1214 2398 1249 2456; x_wconf 83' lang='lat' dir='ltr'><strong>et</strong></span> <span class='ocrx_word' id='word_1_113' title='bbox 1263 2391 1329 2461; x_wconf 69' lang='grc' dir='ltr'><strong>ἰνί-</strong></span> 
     </span>
     <span class='ocr_line' id='line_1_18' title="bbox 230 2513 1328 2595; baseline 0.004 -11"><span class='ocrx_word' id='word_1_114' title='bbox 230 2514 373 2586; x_wconf 74' lang='lat' dir='ltr'><strong>bonolio</strong></span> <span class='ocrx_word' id='word_1_115' title='bbox 387 2517 524 2588; x_wconf 79' lang='lat' dir='ltr'><strong>Catom&#39;s</strong></span> <span class='ocrx_word' id='word_1_116' title='bbox 544 2529 582 2586; x_wconf 79' lang='lat' dir='ltr'><strong>et</strong></span> <span class='ocrx_word' id='word_1_117' title='bbox 596 2516 756 2589; x_wconf 74' lang='lat' dir='ltr'><strong>Gracchi</strong></span> <span class='ocrx_word' id='word_1_118' title='bbox 769 2530 804 2588; x_wconf 82' lang='lat' dir='ltr'><strong>ec</strong></span> <span class='ocrx_word' id='word_1_119' title='bbox 818 2516 996 2587; x_wconf 68' lang='lat' dir='ltr'><strong>Ceberom‘s</strong></span> <span class='ocrx_word' id='word_1_120' title='bbox 1007 2513 1222 2585; x_wconf 74' lang='lat' dir='ltr'><strong>orao&#39;om&#39;tns</strong></span> <span class='ocrx_word' id='word_1_121' title='bbox 1237 2521 1328 2595; x_wconf 78' lang='lat' dir='ltr'><strong>cele-</strong></span> 
     </span>
    </p>
   </div>
   <div class='ocr_carea' id='block_1_3' title="bbox 231 2641 1329 2744">
    <p class='ocr_par' dir='ltr' id='par_1_4' title="bbox 231 2641 1329 2744">
     <span class='ocr_line' id='line_1_19' title="bbox 231 2641 1329 2744; baseline -0.005 -32"><span class='ocrx_word' id='word_1_122' title='bbox 231 2643 338 2715; x_wconf 81' lang='lat' dir='ltr'><strong>brato</strong></span> <span class='ocrx_word' id='word_1_123' title='bbox 353 2641 418 2715; x_wconf 82' lang='lat' dir='ltr'><strong>hoc</strong></span> <span class='ocrx_word' id='word_1_124' title='bbox 431 2645 651 2744; x_wconf 63' lang='lat' dir='ltr'><strong>potissimum</strong></span> <span class='ocrx_word' id='word_1_125' title='bbox 669 2643 785 2716; x_wconf 77' lang='lat' dir='ltr'><strong>seculo</strong></span> <span class='ocrx_word' id='word_1_126' title='bbox 803 2641 1057 2715; x_wconf 71' lang='lat' dir='ltr'><strong>conticiscere?</strong></span> <span class='ocrx_word' id='word_1_127' title='bbox 1083 2644 1170 2713; x_wconf 82' lang='lat' dir='ltr'><strong>Haec</strong></span> <span class='ocrx_word' id='word_1_128' title='bbox 1185 2661 1329 2740; x_wconf 91' lang='lat' dir='ltr'><strong>quoque</strong></span> 
     </span>
    </p>
   </div>
   <div class='ocr_carea' id='block_1_4' title="bbox 229 2772 1330 2988">
    <p class='ocr_par' dir='ltr' id='par_1_5' title="bbox 229 2772 1330 2988">
     <span class='ocr_line' id='line_1_20' title="bbox 229 2772 1330 2872; baseline -0.005 -30"><span class='ocrx_word' id='word_1_129' title='bbox 229 2772 428 2869; x_wconf 79' lang='lat' dir='ltr'><strong>fragmenta</strong></span> <span class='ocrx_word' id='word_1_130' title='bbox 439 2772 643 2869; x_wconf 85' lang='lat' dir='ltr'><strong>colligenda</strong></span> <span class='ocrx_word' id='word_1_131' title='bbox 655 2800 733 2847; x_wconf 89' lang='lat' dir='ltr'><strong>esse</strong></span> <span class='ocrx_word' id='word_1_132' title='bbox 744 2775 879 2872; x_wconf 84' lang='lat' dir='ltr'><strong>putavi,</strong></span> <span class='ocrx_word' id='word_1_133' title='bbox 896 2789 936 2844; x_wconf 87' lang='lat' dir='ltr'><strong>ut</strong></span> <span class='ocrx_word' id='word_1_134' title='bbox 951 2789 1135 2844; x_wconf 89' lang='lat' dir='ltr'><strong>oratorum</strong></span> <span class='ocrx_word' id='word_1_135' title='bbox 1150 2774 1330 2842; x_wconf 88' lang='lat' dir='ltr'><strong>Romano·</strong></span> 
     </span>
     <span class='ocr_line' id='line_1_21' title="bbox 230 2889 1328 2988; baseline -0.005 -25"><span class='ocrx_word' id='word_1_136' title='bbox 230 2915 310 2963; x_wconf 88' lang='lat' dir='ltr'><strong>rum</strong></span> <span class='ocrx_word' id='word_1_137' title='bbox 335 2893 431 2965; x_wconf 89' lang='lat' dir='ltr'><strong>orbis</strong></span> <span class='ocrx_word' id='word_1_138' title='bbox 449 2897 545 2988; x_wconf 88' lang='lat' dir='ltr'><strong>juste</strong></span> <span class='ocrx_word' id='word_1_139' title='bbox 573 2894 814 2966; x_wconf 89' lang='lat' dir='ltr'><strong>clauderetur.</strong></span> <span class='ocrx_word' id='word_1_140' title='bbox 841 2898 895 2964; x_wconf 83' lang='lat' dir='ltr'><strong>Ae</strong></span> <span class='ocrx_word' id='word_1_141' title='bbox 912 2919 956 2963; x_wconf 88' lang='lat' dir='ltr'><strong>ne</strong></span> <span class='ocrx_word' id='word_1_142' title='bbox 976 2894 1014 2963; x_wconf 91' lang='lat' dir='ltr'><strong>in</strong></span> <span class='ocrx_word' id='word_1_143' title='bbox 1043 2894 1223 2962; x_wconf 88' lang='lat' dir='ltr'><strong>Frontone</strong></span> <span class='ocrx_word' id='word_1_144' title='bbox 1250 2889 1328 2987; x_wconf 91' lang='lat' dir='ltr'><strong>qui-</strong></span> 
     </span>
    </p>
   </div>
   <div class='ocr_carea' id='block_1_5' title="bbox 231 3018 1334 4130">
    <p class='ocr_par' dir='ltr' id='par_1_6' title="bbox 231 3018 1334 4130">
     <span class='ocr_line' id='line_1_22' title="bbox 231 3018 1332 3118; baseline -0.004 -29"><span class='ocrx_word' id='word_1_145' title='bbox 231 3018 314 3090; x_wconf 91' lang='lat' dir='ltr'><strong>dem</strong></span> <span class='ocrx_word' id='word_1_146' title='bbox 341 3018 542 3118; x_wconf 89' lang='lat' dir='ltr'><strong>eloquentia</strong></span> <span class='ocrx_word' id='word_1_147' title='bbox 566 3021 722 3092; x_wconf 85' lang='lat' dir='ltr'><strong>Romana</strong></span> <span class='ocrx_word' id='word_1_148' title='bbox 742 3044 891 3116; x_wconf 87' lang='lat' dir='ltr'><strong>prorsus</strong></span> <span class='ocrx_word' id='word_1_149' title='bbox 913 3019 1101 3092; x_wconf 85' lang='lat' dir='ltr'><strong>obmutuit.</strong></span> <span class='ocrx_word' id='word_1_150' title='bbox 1125 3019 1332 3116; x_wconf 87' lang='lat' dir='ltr'><strong>Sequuntur</strong></span> 
     </span>
     <span class='ocr_line' id='line_1_23' title="bbox 233 3129 1330 3236; baseline -0.005 -24"><span class='ocrx_word' id='word_1_151' title='bbox 233 3143 325 3213; x_wconf 89' lang='lat' dir='ltr'><strong>enim</strong></span> <span class='ocrx_word' id='word_1_152' title='bbox 343 3158 505 3215; x_wconf 84' lang='lat' dir='ltr'><strong>auctores</strong></span> <span class='ocrx_word' id='word_1_153' title='bbox 522 3142 707 3214; x_wconf 90' lang='lat' dir='ltr'><strong>duodecim</strong></span> <span class='ocrx_word' id='word_1_154' title='bbox 733 3141 1045 3236; x_wconf 80' lang='lat' dir='ltr'><strong>Panegyricorum,</strong></span> <span class='ocrx_word' id='word_1_155' title='bbox 1068 3129 1134 3213; x_wconf 86' lang='lat' dir='ltr'><strong>nec</strong></span> <span class='ocrx_word' id='word_1_156' title='bbox 1160 3143 1184 3211; x_wconf 93' lang='lat' dir='ltr'><strong>ii</strong></span> <span class='ocrx_word' id='word_1_157' title='bbox 1211 3153 1330 3210; x_wconf 89' lang='lat' dir='ltr'><strong>conte-</strong></span> 
     </span>
     <span class='ocr_line' id='line_1_24' title="bbox 233 3265 1332 3368; baseline -0.007 -25"><span class='ocrx_word' id='word_1_158' title='bbox 233 3272 380 3344; x_wconf 91' lang='lat' dir='ltr'><strong>mnendi</strong></span> <span class='ocrx_word' id='word_1_159' title='bbox 408 3288 505 3344; x_wconf 92' lang='lat' dir='ltr'><strong>sunt.</strong></span> <span class='ocrx_word' id='word_1_160' title='bbox 529 3272 697 3364; x_wconf 85' lang='lat' dir='ltr'><strong>Quamvis</strong></span> <span class='ocrx_word' id='word_1_161' title='bbox 715 3271 856 3368; x_wconf 85' lang='lat' dir='ltr'><strong>ingenio</strong></span> <span class='ocrx_word' id='word_1_162' title='bbox 881 3286 990 3367; x_wconf 90' lang='lat' dir='ltr'><strong>atque</strong></span> <span class='ocrx_word' id='word_1_163' title='bbox 1013 3287 1088 3342; x_wconf 90' lang='lat' dir='ltr'><strong>arte</strong></span> <span class='ocrx_word' id='word_1_164' title='bbox 1110 3267 1207 3340; x_wconf 92' lang='lat' dir='ltr'><strong>nullo</strong></span> <span class='ocrx_word' id='word_1_165' title='bbox 1224 3265 1332 3337; x_wconf 93' lang='lat' dir='ltr'><strong>modo</strong></span> 
     </span>
     <span class='ocr_line' id='line_1_25' title="bbox 234 3393 1331 3493; baseline -0.005 -26"><span class='ocrx_word' id='word_1_166' title='bbox 234 3419 314 3468; x_wconf 89' lang='lat' dir='ltr'><strong>eum</strong></span> <span class='ocrx_word' id='word_1_167' title='bbox 338 3397 537 3468; x_wconf 87' lang='lat' dir='ltr'><strong>oratoribus</strong></span> <span class='ocrx_word' id='word_1_168' title='bbox 560 3397 717 3493; x_wconf 90' lang='lat' dir='ltr'><strong>priorum</strong></span> <span class='ocrx_word' id='word_1_169' title='bbox 737 3395 939 3467; x_wconf 88' lang='lat' dir='ltr'><strong>seculorum</strong></span> <span class='ocrx_word' id='word_1_170' title='bbox 962 3395 1154 3493; x_wconf 88' lang='lat' dir='ltr'><strong>comparari</strong></span> <span class='ocrx_word' id='word_1_171' title='bbox 1177 3393 1331 3490; x_wconf 78' lang='lat' dir='ltr'><strong>possint,</strong></span> 
     </span>
     <span class='ocr_line' id='line_1_26' title="bbox 235 3517 1333 3620; baseline -0.008 -27"><span class='ocrx_word' id='word_1_172' title='bbox 235 3523 279 3594; x_wconf 80' lang='lat' dir='ltr'><strong>ab</strong></span> <span class='ocrx_word' id='word_1_173' title='bbox 304 3525 345 3595; x_wconf 92' lang='lat' dir='ltr'><strong>iis</strong></span> <span class='ocrx_word' id='word_1_174' title='bbox 367 3539 497 3611; x_wconf 87' lang='lat' dir='ltr'><strong>tamen,</strong></span> <span class='ocrx_word' id='word_1_175' title='bbox 519 3524 579 3620; x_wconf 95' lang='lat' dir='ltr'><strong>qui</strong></span> <span class='ocrx_word' id='word_1_176' title='bbox 608 3521 677 3594; x_wconf 87' lang='lat' dir='ltr'><strong>lata</strong></span> <span class='ocrx_word' id='word_1_177' title='bbox 705 3521 882 3594; x_wconf 87' lang='lat' dir='ltr'><strong>literarum</strong></span> <span class='ocrx_word' id='word_1_178' title='bbox 915 3521 1150 3591; x_wconf 88' lang='lat' dir='ltr'><strong>Romanarum</strong></span> <span class='ocrx_word' id='word_1_179' title='bbox 1180 3517 1333 3590; x_wconf 86' lang='lat' dir='ltr'><strong>interius</strong></span> 
     </span>
     <span class='ocr_line' id='line_1_27' title="bbox 237 3646 1330 3746; baseline -0.007 -25"><span class='ocrx_word' id='word_1_180' title='bbox 237 3673 452 3746; x_wconf 84' lang='lat' dir='ltr'><strong>cognoscere</strong></span> <span class='ocrx_word' id='word_1_181' title='bbox 468 3666 597 3736; x_wconf 86' lang='lat' dir='ltr'><strong>amant,</strong></span> <span class='ocrx_word' id='word_1_182' title='bbox 616 3649 685 3745; x_wconf 84' lang='lat' dir='ltr'><strong>legi</strong></span> <span class='ocrx_word' id='word_1_183' title='bbox 702 3663 898 3721; x_wconf 88' lang='lat' dir='ltr'><strong>merentur.</strong></span> <span class='ocrx_word' id='word_1_184' title='bbox 924 3649 1043 3744; x_wconf 83' lang='lat' dir='ltr'><strong>Atque</strong></span> <span class='ocrx_word' id='word_1_185' title='bbox 1062 3661 1102 3716; x_wconf 89' lang='lat' dir='ltr'><strong>ut</strong></span> <span class='ocrx_word' id='word_1_186' title='bbox 1127 3646 1161 3716; x_wconf 94' lang='lat' dir='ltr'><strong>in</strong></span> <span class='ocrx_word' id='word_1_187' title='bbox 1178 3647 1330 3716; x_wconf 83' lang='lat' dir='ltr'><strong>llorente</strong></span> 
     </span>
     <span class='ocr_line' id='line_1_28' title="bbox 236 3766 1331 3874; baseline -0.006 -28"><span class='ocrx_word' id='word_1_188' title='bbox 236 3777 418 3874; x_wconf 91' lang='lat' dir='ltr'><strong>republica</strong></span> <span class='ocrx_word' id='word_1_189' title='bbox 439 3795 475 3850; x_wconf 87' lang='lat' dir='ltr'><strong>et</strong></span> <span class='ocrx_word' id='word_1_190' title='bbox 501 3779 633 3874; x_wconf 90' lang='lat' dir='ltr'><strong>optimo</strong></span> <span class='ocrx_word' id='word_1_191' title='bbox 659 3777 809 3848; x_wconf 85' lang='lat' dir='ltr'><strong>civitatis</strong></span> <span class='ocrx_word' id='word_1_192' title='bbox 831 3791 927 3848; x_wconf 84' lang='lat' dir='ltr'><strong>statu</strong></span> <span class='ocrx_word' id='word_1_193' title='bbox 949 3773 1107 3846; x_wconf 87' lang='lat' dir='ltr'><strong>homines</strong></span> <span class='ocrx_word' id='word_1_194' title='bbox 1133 3771 1202 3866; x_wconf 89' lang='lat' dir='ltr'><strong>ipsi·</strong></span> <span class='ocrx_word' id='word_1_195' title='bbox 1221 3766 1331 3840; x_wconf 86' lang='lat' dir='ltr'><strong>multo</strong></span> 
     </span>
     <span class='ocr_line' id='line_1_29' title="bbox 237 3897 1334 4002; baseline -0.01 -25"><span class='ocrx_word' id='word_1_196' title='bbox 237 3922 274 3977; x_wconf 88' lang='lat' dir='ltr'><strong>et</strong></span> <span class='ocrx_word' id='word_1_197' title='bbox 291 3930 330 3977; x_wconf 91' lang='lat' dir='ltr'><strong>re</strong></span> <span class='ocrx_word' id='word_1_198' title='bbox 349 3923 386 3978; x_wconf 89' lang='lat' dir='ltr'><strong>et</strong></span> <span class='ocrx_word' id='word_1_199' title='bbox 405 3907 550 4002; x_wconf 88' lang='lat' dir='ltr'><strong>ingenio</strong></span> <span class='ocrx_word' id='word_1_200' title='bbox 571 3905 750 3978; x_wconf 86' lang='lat' dir='ltr'><strong>beatiores</strong></span> <span class='ocrx_word' id='word_1_201' title='bbox 775 3918 868 3991; x_wconf 89' lang='lat' dir='ltr'><strong>suut,</strong></span> <span class='ocrx_word' id='word_1_202' title='bbox 890 3903 938 3973; x_wconf 88' lang='lat' dir='ltr'><strong>sic</strong></span> <span class='ocrx_word' id='word_1_203' title='bbox 963 3903 997 3971; x_wconf 92' lang='lat' dir='ltr'><strong>in</strong></span> <span class='ocrx_word' id='word_1_204' title='bbox 1029 3897 1227 3972; x_wconf 79' lang='lat' dir='ltr'><strong>infelicibus</strong></span> <span class='ocrx_word' id='word_1_205' title='bbox 1247 3912 1334 3967; x_wconf 90' lang='lat' dir='ltr'><strong>tem-</strong></span> 
     </span>
     <span class='ocr_line' id='line_1_30' title="bbox 239 4025 1329 4130; baseline -0.009 -26"><span class='ocrx_word' id='word_1_206' title='bbox 239 4032 384 4128; x_wconf 90' lang='lat' dir='ltr'><strong>poribus</strong></span> <span class='ocrx_word' id='word_1_207' title='bbox 409 4057 448 4105; x_wconf 91' lang='lat' dir='ltr'><strong>ac</strong></span> <span class='ocrx_word' id='word_1_208' title='bbox 472 4029 619 4130; x_wconf 87' lang='lat' dir='ltr'><strong>perditis</strong></span> <span class='ocrx_word' id='word_1_209' title='bbox 643 4033 692 4103; x_wconf 89' lang='lat' dir='ltr'><strong>rei</strong></span> <span class='ocrx_word' id='word_1_210' title='bbox 718 4028 865 4126; x_wconf 84' lang='lat' dir='ltr'><strong>publicae</strong></span> <span class='ocrx_word' id='word_1_211' title='bbox 887 4025 995 4099; x_wconf 89' lang='lat' dir='ltr'><strong>rebus</strong></span> <span class='ocrx_word' id='word_1_212' title='bbox 1022 4042 1057 4097; x_wconf 88' lang='lat' dir='ltr'><strong>et</strong></span> <span class='ocrx_word' id='word_1_213' title='bbox 1078 4025 1216 4120; x_wconf 84' lang='lat' dir='ltr'><strong>ingenia</strong></span> <span class='ocrx_word' id='word_1_214' title='bbox 1232 4049 1329 4096; x_wconf 84' lang='lat' dir='ltr'><strong>rare·</strong></span> 
     </span>
    </p>
   </div>
   <div class='ocr_carea' id='block_1_6' title="bbox 0 0 1491 4846">
    <p class='ocr_par' dir='ltr' id='par_1_7' title="bbox 0 0 1491 4846">
     <span class='ocr_line' id='line_1_31' title="bbox 0 0 1491 4846; baseline 0 0"><span class='ocrx_word' id='word_1_215' title='bbox 0 0 1491 4846; x_wconf 95' lang='lat' dir='ltr'><strong> </strong></span> 
     </span>
    </p>
   </div>
  </div>
 </body>
</html>
