2904 4840
662 365 729 436 133

142 497 176 558 L.
203 489 362 584 [Porciam]
381 499 498 560 'Nasica
518 506 638 559 (1111111111Ι
656 502 765 561 Cotem
785 513 849 566 etc.
872 502 958 563 ldem
983 503 1097 567 dictum
1119 499 1245 564 nomine

142 599 350 676 praetermisso
366 602 405 661 A.
423 599 545 665 Gellius
558 612 669 664 narrat
680 603 718 662 N.
739 604 776 663 Α.
794 602 849 678 lV,
864 600 916 662 20.

450 777 501 840 ll.
526 797 689 842 0111111111
713 800 741 839 ι.
764 797 934 843 scurrouau.

182 935 252 1000 Lir.
278 939 423 1017 XXXIX,
451 941 492 1004 ll
517 966 525 1005 1
547 946 586 1006 ln
607 943 746 1026 equitatu
767 947 1019 1022 recognoscendo
1041 947 1079 1008 L.
1105 943 1245 1028 Scipioni

142 1031 291 1115 Asiageni
304 1042 465 1122 ademptus
480 1060 586 1120 equus.

177 1133 208 1182 1..
221 1131 378 1204 Scipionem]
398 1136 532 1188 Weberus
544 1137 679 1190 adnotavit
691 1154 719 1210 p.
736 1138 766 1190 31
783 1157 789 1188 :
805 1135 911 1190 «Hunc
924 1155 977 1190 non
992 1136 1079 1207 ipsum
1094 1138 1177 1190 iniere
1191 1137 1249 1190 Sci·

212 1215 319 1285 pionem
333 1217 492 1281 baiaticum,
503 1216 629 1272 rictorem
645 1219 784 1282 Antiochi,
799 1219 871 1288 quod
890 1231 951 1290 post
962 1217 1134 1272 Plutarchum
1147 1221 1206 1274 Cat.
1219 1240 1246 1272 c.

216 1299 246 1348 18
264 1297 393 1350 nonnulli
408 1301 568 1372 interpretes
589 1300 659 1354 Lirii
673 1313 849 1364 censuerunt,
867 1300 913 1354 aed
926 1300 1015 1354 lilium
1034 1298 1104 1372 ejus,
1116 1300 1194 1356 facile
1204 1315 1248 1354 eat

214 1377 362 1432 intellectu.
378 1402 390 1429 1
406 1379 494 1448 [cons.
508 1382 540 1434 ad
550 1403 578 1435 n.
593 1386 650 1452 61.]

145 1535 194 1597 tu.
226 1555 336 1598 omrro
365 1557 395 1598 111
423 1557 452 1597 1.
482 1557 639 1602 rorantur
668 1561 708 1601 nr
732 1558 905 1603 sacernam
931 1557 1100 1614 corruisse,
1131 1560 1194 1602 cua
1217 1559 1248 1602 nr

478 1657 580 1710 runnu
602 1657 715 1701 crunon
737 1661 901 1702 autumer.

157 1869 159 1873 ,
185 1802 416 1868 Commemorat
433 1803 539 1868 Lirim
554 1807 591 1869 L.
611 1806 775 1870 Veturium
798 1805 979 1880 Philonem,
1004 1805 1058 1886 qui
1070 1823 1193 1868 ‚cenem
1212 1827 1248 1868 a.

143 1898 203 1961 543
219 1916 358 1966 mortuus
371 1917 430 1980 est,
445 1906 556 1968 deinde
571 1907 608 1968 L.
631 1908 794 1968 Veturium
808 1905 971 1970 Philonem
983 1901 1079 1968 Cous.
1093 1902 1168 1979 547,
1183 1924 1249 1966 ma·

141 2002 271 2080 gistrum
293 2007 431 2086 equitum
446 2026 477 2067 a.
494 2003 567 2070 548.
585 2008 811 2096 Utrumlautem
823 2004 907 2080 huic,
925 2026 966 2068 an
990 2005 1044 2068 alii
1068 2005 1246 2085 cognomini

142 2119 253 2181 equum
275 2103 425 2166 ademerit
445 2103 540 2180 Cato,
557 2103 712 2168 incertum
730 2116 787 2168 est.

183 2198 315 2266 Festus:
334 2227 348 2258 1
362 2201 449 2262 Statu
459 2201 613 2268 merificia
625 2216 710 2279 snut,
724 2223 790 2284 quae
801 2201 896 2266 certis
907 2200 1017 2263 diebus
1030 2197 1101 2263 fieri
1116 2199 1245 2262 dehent.

143 2296 323 2378 Caluinae,
340 2321 431 2384 qnam
446 2304 571 2387 scripsit
583 2306 622 2367 de
635 2307 673 2369 L.
688 2301 819 2368 Veturio
840 2303 878 2362 de
896 2302 1048 2384 sacrificio
1060 2305 1244 2375 commisso,

142 2397 253 2462 cumei
267 2419 378 2481 equum
394 2398 529 2464 adamim
547 2402 639 2482 Quod
656 2415 699 2475 tn,
714 2402 795 2486 qarod
803 2406 834 2460 in
850 2414 879 2460 te
890 2399 968 2481 suit,
992 2421 1082 2460 sacra
1092 2413 1183 2474 statu,
1199 2418 1248 2459 so·

141 2494 268 2570 lemnm,
278 2501 380 2576 capite
394 2513 498 2559 sanctu
512 2500 683 2560 deseruisti.

179 2638 267 2700 saera]
286 2651 360 2688 sacra
372 2635 518 2708 gentilicia,
531 2648 600 2689 stato
617 2635 660 2688 die
678 2653 708 2688 ac
720 2647 793 2688 certo
809 2634 869 2688 loco
883 2633 1013 2690 facienda.
1031 2633 1094 2687 Vid.
1115 2634 1199 2686 Beier.
1214 2631 1247 2684 ad

216 2715 271 2769 Cic.
290 2718 330 2771 De
348 2719 419 2772 offic.
434 2720 456 2783 l,
475 2721 516 2784 tt,
534 2720 579 2773 55.
596 2717 823 2786 [AdditFeatust
839 2717 1087 2771 «Solemniacum
1107 2714 1249 2773 dicuntur,

214 2821 274 2872 quta
282 2807 362 2860 cartis
370 2808 535 2880 temporibus
547 2807 679 2878 annisque
691 2806 749 2860 lieri
764 2805 863 2860 solent.
877 2828 889 2854 1
903 2805 1002 2858 hlirum
1013 2816 1057 2857 eat
1068 2801 1137 2856 illud
1148 2799 1248 2876 capite,

215 2892 286 3024 prod
304 2894 403 2948 omittit
425 2895 524 2948 Paulus
541 2896 570 2948 in
584 2895 723 2967 Epitome:
738 2913 768 2946 ac
785 2911 849 2946 sane
866 2892 903 2946 ita
919 2893 1017 2964 optime
1034 2889 1153 2965 procedit
1168 2909 1249 2962 asyn-

234 2979 323 3040 etun]

186 3097 296 3161 Festus
311 3124 320 3160 =
342 3126 356 3156 ι
372 3099 540 3162 Prohibere
554 3101 683 3192 ¹inmitia
697 3098 814 3163 dicitur
828 3101 943 3164 vitiare
958 3101 1040 3162 diem
1055 3095 1175 3172 morbo,
1196 3095 1249 3176 qui

144 3186 236 3280 rulg'o
249 3200 374 3282 quidem
388 3201 500 3284 major,
523 3215 662 3266 ceterum
676 3203 717 3264 oh
732 3204 765 3264 id
773 3199 872 3286 iprum
884 3197 1049 3266 comitialis
1062 3198 1247 3284 appellatur.

143 3301 221 3362 Cato
234 3301 268 3363 in
284 3301 438 3378 oratione,
458 3322 550 3384 quam
561 3299 687 3384 scripsit
706 3304 746 3362 de
755 3302 921 3382 sacrilegio
935 3304 1103 3362 commisso
1116 3323 1127 3357 .-
1149 3297 1251 3358 Domi

143 3421 215 3460 cum
224 3408 429 3482 auspicamus,
438 3401 586 3464 honorem
598 3423 650 3464 me
657 3403 747 3464 darm
759 3403 983 3464 immortalium
992 3402 1088 3462 uelim
1097 3397 1246 3458 hahuisse.

143 3498 248 3573 Semi,
261 3503 394 3574 anciUoe,
413 3507 444 3562 si
463 3505 531 3588 quis
543 3521 651 3562 eornm
669 3501 725 3563 sub
740 3517 867 3563 centone
879 3504 1006 3582 crepuit,
1020 3497 1102 3584 quod
1115 3515 1174 3579 ego
1188 3515 1250 3556 non

145 3600 242 3666 sensa,
259 3600 372 3660 nurum
386 3598 466 3660 matr
479 3603 586 3660 utrm
592 3599 690 3681 ficte.
706 3599 805 3660 sicut
833 3599 955 3660 tardem·
969 3589 1054 3660 seni
1069 3609 1119 3655 mn
1129 3593 1253 3655 merua
1278 3582 1321 3652 31

144 3693 313 3754 dormienti
333 3702 439 3772 avenn,
462 3697 545 3782 quod
565 3699 688 3758 comitio
712 3693 878 3775 prhbibe're
897 3693 983 3769 solet,
1011 3715 1051 3753 ne
1076 3695 1111 3754 id
1128 3693 1253 3779 quidem

146 3791 226 3856 mitt
239 3797 451 3877 vitiumfacit.
985 3797 988 3805 '
1159 3819 1162 3827 ¹

180 3933 213 3984 de
221 3929 378 4006 sacrilegio]
388 3948 521 4008 corrupte.
533 3933 686 4009 Lugendum
699 3917 879 4006 de'saerg'fictin
892 3948 923 3987 ut
935 3953 994 3988 mox
1006 3951 1065 3987 sum
1081 3932 1252 4006 probaturus.

179 4018 260 4072 Domi
268 4037 326 4072 cum
338 4016 517 4089 auspr'camus]
527 4019 658 4093 lntelligit
666 4039 751 4093 genus
766 4018 888 4096 auspicii,
906 4020 977 4091 quod
998 4031 1059 4090 post
1071 4017 1182 4070 mediam
1203 4033 1252 4068 no-

218 4116 286 4156 ctem
299 4103 368 4156 dorni
382 4105 536 4175 captabatur
549 4117 577 4158 et
588 4104 772 4178 appellabatur
787 4101 930 4157 sr'lenlrirm.
954 4103 1046 4156 Cicero
1064 4105 1102 4155 ne
1119 4098 1202 4152 divin.
1216 4097 1253 4161 ll,

221 4187 264 4240 bl.
276 4187 369 4241 Fratue
381 4209 388 4240 :
404 4186 513 4240 Silentii
529 4207 634 4259 surgere
644 4187 751 4247 diriter,
766 4189 807 4240 ubi
819 4187 878 4256 quis
885 4193 945 4256 posi
959 4185 1067 4240 mediam
1078 4189 1176 4235 noctem
1195 4199 1255 4233 ‚rur-
