2904 4840
602 372 679 445 ’101

89 514 145 596 jus
161 511 266 591 civile,
282 532 399 578 morem
415 509 562 587 civitatis,
575 509 658 592 leges
673 523 706 573 et
722 507 988 572 senatusconsulta
1004 506 1195 585 ignorarent,

93 611 326 691 elegantiorum
348 623 452 682 autem,
471 607 585 670 artium
605 606 705 670 studia
727 603 860 688 superbe
880 604 1076 686 despicerent
1097 599 1196 684 (utar.

93 732 127 774 c.
141 712 200 786 323
216 711 299 776 coni.
313 714 353 773 Α.
364 707 448 780 Gell.
459 708 543 783 XVl,
556 708 608 785 10,
621 710 760 772 eamdem
772 703 971 788 reterisjnris
987 703 1199 783 ignorantiam

89 813 326 896 jurisconsultis
338 812 385 875 sui
397 811 544 892 temporis
556 809 782 897 objicientem).
799 810 843 870 Ne
857 819 960 871 autem
974 802 1104 867 insaniae
1115 803 1200 888 plan·

95 931 155 974 sus
169 912 299 986 demost,
315 910 458 975 mercede
472 908 738 982 conducebantur,
753 905 806 989 qni
819 905 923 967 dedita
937 921 1033 986 opera
1047 919 1134 982 sequa
1144 898 1202 960 ini-

95 1028 163 1091 qua
175 1006 304 1072 vocibus
317 1019 349 1070 et
363 1005 507 1068 manibus
519 1017 793 1086 prosequerentur,
809 1015 844 1064 ιιι
860 998 888 1064 si
906 1021 969 1063 nou
987 999 1081 1072 docti,
1097 1011 1201 1060 tamen

95 1109 213 1189 vulgus
226 1127 292 1170 sese
306 1103 410 1186 decipi
423 1121 488 1163 uon
501 1101 635 1163 videret.
651 1101 732 1165 Vide
747 1098 881 1184 Quintil.
900 1099 955 1172 Xl,
969 1099 1000 1171 3,
1014 1097 1093 1168 1263
1115 1095 1199 1159 Plin.

19 1199 21 1210 '
95 1207 181 1290 Epp.
195 1207 238 1280 ll,
253 1205 304 1266 11.
328 1201 446 1265 Eadem
460 1198 552 1282 paulo
565 1194 666 1260 serius
677 1197 762 1261 iuter
777 1199 889 1263 Gracc
901 1197 1062 1276 loquentes
1074 1193 1203 1256 inducta

97 1303 229 1366 insania
242 1315 302 1377 est,
323 1297 433 1382 quade
447 1316 494 1371 re,
516 1315 582 1378 qum
595 1296 743 1380 expositis
755 1295 821 1361 lero
833 1293 957 1374 gemina
970 1303 1054 1367 sunt,
1071 1309 1111 1353 ex
1122 1288 1203 1352 iesti-

96 1399 233 1464 vissimo
247 1399 383 1463 Lucieno
395 1415 558 1478 apponam.
579 1396 743 1477 Proeceptt.
767 1395 864 1457 rbett.
885 1413 913 1456 0.
934 1397 969 1457 9ε
996 1403 1204 1476 resupinatam

95 1510 173 1576 ἴχνη,
185 1507 372 1572 submittimur,
385 1502 485 1576 μεγάλα
493 1503 545 1574 μὶν,
556 1501 598 1556 καὶ
611 1503 670 1576 incip
683 1503 737 1564 τοὺς
750 1508 800 1569 νῦν,
809 1502 909 1574 &puppa
922 1497 951 1554 <li
961 1499 1009 1559 ἤδη
1024 1499 1066 1554 καὶ
1075 1501 1158 1571 mpii
1172 1500 1203 1553 τὰ

2 1587 9 1606 ’
94 1605 181 1662 πολλὰ
194 1608 241 1660 ὑπὸ
252 1613 294 1660 τοῦ
309 1609 406 1679 χρόνου.
419 1601 568 1688 -Quasi
584 1603 719 1668 Cestium
735 1602 870 1686 aliquem
884 1601 1002 1676 audias,
1023 1621 1091 1664 sese
1109 1620 1204 1684 supra

96 1693 271 1758 Cicerones
281 1694 502 1766 extollentem!
526 1703 566 1766 El
580 1701 624 1762 lb.
645 1719 675 1762 0.
697 1700 733 1762 Π
748 1721 757 1760 :
778 1704 882 1784 ὁλῆρος
893 1711 1050 1783 Ἰσοκράτης,
1070 1713 1081 1763 ὁ
1098 1711 1203 1784 χαρίτων

101 1803 604 1880 &praeoccupantiumlupicinum.
620 1795 778 1860 Notabiles
790 1809 944 1879 praetcrea
953 1795 1016 1857 loci
1027 1807 1100 1856 suut
1115 1815 1145 1856 c.
1164 1797 1198 1856 11

102 1903 136 1953 et
148 1891 202 1964 15,
215 1891 253 1952 de
270 1890 372 1954 cultus
386 1895 519 1959 oratorii
531 1894 687 1976 elegantia
701 1895 866 1972 canitura,
885 1894 923 1960 16
936 1892 1120 1958 deridiculo
1133 1911 1204 1976 quo·

102 1989 237 2049 rundam
247 1987 469 2054 vocabulorum
481 2011 547 2068 usu,
560 1991 734 2055 Atticorum
745 1991 880 2074 speciem
894 2009 960 2076 pras
972 2011 1006 2054 se
1020 1990 1202 2062 ferentium3

107 2089 142 2150 tt
156 2088 195 2150 de
209 2085 354 2175 obsoletis
366 2091 488 2170 verbis3
506 2091 544 2157 19
560 2091 745 2178 deridiculo
759 2102 792 2154 et
804 2091 936 2156 deformi
949 2105 1054 2172 gestu,
1073 2091 1205 2171 denique

105 2187 141 2249 21
158 2189 199 2250 dc
210 2189 370 2252 conductis
383 2192 560 2272 plausorum
570 2192 729 2276 gregibus.
746 2193 819 2255 lloec
832 2195 937 2258 omnia
949 2194 1042 2278 plane
1056 2188 1205 2274 ejusmodi

105 2301 190 2364 suut,
207 2299 242 2348 ιιι
253 2289 426 2352 Romanum
444 2291 629 2375 Quintiliani
649 2305 741 2355 aetum
758 2293 870 2357 Graece
891 2292 1081 2356 scribentem
1100 2291 1206 2370 legere

106 2388 243 2450 videare.
267 2387 334 2450 lloc
349 2408 464 2453 novum
480 2404 512 2454 et
524 2411 654 2474 pravum
667 2411 764 2474 genus
778 2389 905 2454 dicendi
919 2413 939 2455 a
951 2391 1057 2456 Cassio
1070 2390 1206 2474 primum
1226 2441 1229 2448 .

105 2491 222 2553 Severo
235 2489 394 2554 inductum
410 2488 503 2576 (conl.
522 2490 607 2556 Dial.
622 2494 660 2555 de
674 2504 770 2556 oratt.
783 2513 813 2555 o.
829 2494 880 2570 19,
893 2492 1054 2568 26,Ἧοί1.
1067 2491 1152 2574 puel.
1166 2495 1204 2552 ad

105 2591 246 2654 Marcell.
263 2611 295 2673 p.
311 2593 402 2671 XlX,
427 2594 500 2658 coll.
524 2614 556 2676 p.
578 2593 752 2670 XXXIV),
778 2594 850 2655 dein
870 2593 985 2655 sensim
999 2592 1156 2671 ingentem
1171 2591 1205 2651 iu

106 2693 232 2754 modum
250 2696 397 2758 accrevit.
421 2697 499 2760 Nam
518 2708 666 2777 quantum
686 2696 822 2760 Severus
837 2713 857 2755 a
876 2688 1039 2756 Ciceronis
1057 2692 1204 2764 candore,

106 2807 227 2858 tantum
237 2793 391 2860 abSeveri
399 2794 595 2860 acuminibus
606 2810 638 2860 et
647 2795 796 2859 libertate
805 2793 871 2878 ejus
880 2793 1053 2857 imitatores
1060 2791 1203 2854 aberant.

106 2896 185 2958 lude
198 2897 337 2980 quamvis
355 2897 499 2962 meliores
519 2919 557 2962 ex
577 2900 637 2962 hoc
659 2916 799 2972 numero,
815 2897 997 2971 Latronem,
1013 2893 1204 2967 Passienum,
1268 2931 1270 2936 -

107 2995 233 3072 Afrum,
253 2999 459 3074 Trachalum,
483 3001 588 3064 laudet
608 3000 725 3084 peritus
743 2998 854 3060 barum
883 3017 989 3061 rorum
1015 2995 1207 3059 existimator

106 3096 330 3179 Quintilianus,
346 3119 494 3181 nusquam
509 3113 624 3176 tamen,
642 3098 752 3182 quibus
763 3097 857 3160 rebus
871 3093 1037 3160 inferiores
1050 3096 1112 3158 sint
1126 3094 1207 3178 prio·

108 3197 207 3274 ribus,
225 3193 405 3282 dissimulat.
431 3201 535 3264 lionos
555 3213 655 3262 autem
673 3200 733 3263 lori
753 3219 845 3280 quam
866 3198 1013 3260 celeriter
1031 3194 1207 3270 evanuerit,

110 3297 246 3378 Trajano
258 3299 309 3361 rix
322 3297 485 3375 exstincto,
501 3299 535 3362 in
549 3301 705 3362 Frontone
725 3298 1012 3372 animadvertimus,
1034 3317 1124 3380 quem
1145 3316 1207 3356 suae

108 3398 206 3462 aetatis
220 3399 284 3463 lere
299 3399 545 3474 disertissimum,
559 3419 746 3462 summorum
758 3399 897 3462 virorum
907 3398 1117 3472 familiaritate
1128 3397 1207 3458 cele·

107 3499 243 3572 brutum,
258 3514 289 3563 ot
300 3503 380 3584 quod
392 3499 491 3584 majus
505 3513 563 3578 est,
579 3502 621 3563 M.
636 3501 754 3564 Aurelii
767 3499 918 3563 Antonini
933 3511 1165 3583 preceptorem,
1181 3496 1208 3560 si

109 3597 187 3661 nibil
199 3598 293 3676 aliud,
306 3611 409 3662 tamen
422 3598 668 3662 semibarbarum
680 3617 746 3662 esse
758 3618 822 3662 uon
834 3598 974 3661 decebat.
