2954 4840
744 337 814 409 340

133 489 202 564 222
271 469 399 530 Suelou.
426 468 526 548 Galig.
549 491 577 532 c.
606 473 662 534 16:
683 472 897 546 TitiLobieni,
928 473 1019 531 (brui
1044 471 1202 539 Cremutii,
1230 469 1334 528 Cassii

229 565 336 628 Seueri
348 563 467 648 scripta
479 581 604 630 senatus
623 567 772 630 consultis
785 571 902 633 abolita
916 566 1036 650 requiri
1054 580 1086 628 et
1099 587 1166 630 esse
1179 569 1214 628 iu
1230 568 1329 629 mani-

230 667 286 729 bus
300 668 495 750 lectitarique
506 668 647 752 permisit
660 669 810 750 Caligula.

274 764 359 827 Alius
373 766 411 824 Τ.
424 767 525 826 Attius
536 767 688 828 Labienus
702 768 740 832 C.
756 768 917 831 Rabirium
932 765 1152 850 perduellionis
1166 766 1333 850 postulavit

231 861 415 925 defendente
437 865 590 928 Cicerone
612 885 641 927 a.
663 869 703 934 U.
725 871 798 933 690.
829 864 926 931 llioa
951 869 1072 931 Cresare
1091 869 1130 933 ud
1150 866 1332 948 Pompeium

229 965 354 1035 transiit
371 964 531 1048 filiumque
545 969 665 1040 habuit,
688 970 741 1050 qni
761 991 794 1031 se
811 971 1031 1051 imperatorem
1045 969 1225 1030 Parthicum
1239 970 1333 1047 vulgo

229 1065 338 1129 haberi
348 1067 456 1131 iunii.
472 1071 533 1132 Dio
546 1072 634 1134 Cass.
651 1071 793 1143 XLVlll,
809 1073 861 1135 26.

270 1167 394 1232 Charis.
417 1191 450 1254 p.
475 1174 539 1238 ὅθι
564 1174 685 1252 Clipeus
713 1176 883 1240 masculino
906 1192 1021 1253 genere
1048 1171 1080 1234 iu
1103 1172 1333 1251 significatione

231 1268 311 1330 scuti
325 1270 462 1351 ponitur,
480 1282 514 1331 ut
536 1271 689 1333 Labienus
707 1270 763 1346 ait,
781 1285 891 1335 neutro
912 1285 1013 1333 autem
1034 1290 1150 1351 genere
1165 1269 1333 1349 imaginem

232 1364 397 1442 significat.

266 1499 417 1573 imaginem]
432 1501 553 1576 intellige
568 1505 666 1576 clipeos
684 1525 739 1566 eos,
755 1505 892 1576 inquibus
905 1506 992 1576 imago
1004 1505 1114 1558 Caesaris
1128 1525 1251 1576 expressa
1266 1519 1333 1557 erat.
1404 1578 1408 1584 Ι

274 1629 386 1694 senec.
398 1631 546 1711 Excerpt.
562 1629 712 1696 Controv.
730 1653 775 1708 iv,
794 1653 865 1714 pag.
883 1633 944 1696 tto
962 1655 970 1696 t
993 1633 1092 1698 Pollio
1104 1633 1228 1696 Asinius
1252 1655 1331 1696 nun·

231 1744 323 1805 quam
338 1727 468 1790 admissa
482 1727 676 1794 multitudine
689 1729 886 1804 declamavit,
907 1750 963 1795 nec
977 1729 1023 1790 illi
1035 1726 1164 1792 ambitio
1182 1731 1217 1792 in
1231 1731 1330 1792 studio

232 1822 337 1884 deluit.
361 1823 483 1884 Primus
501 1826 584 1887 enim
604 1826 742 1888 omnium
761 1828 970 1888 Romanorum
986 1825 1145 1888 advocatis
1159 1827 1336 1888 hominibus

232 1921 349 2004 scripta
368 1941 424 1982 sua
448 1921 604 1984 recitavit.
622 1924 660 1983 Et
675 1920 748 1984 inde
764 1923 820 1998 est,
841 1925 924 2004 quod
946 1923 1096 1983 Labienus
1117 1923 1207 1986 homo
1223 1925 1336 1984 mentis

232 2036 323 2098 quam
349 2013 460 2096 linguae
476 2019 640 2083 amarioris
660 2019 735 2082 dicit
753 2019 838 2080 :lite
863 2017 1053 2098 triumphalis
1072 2041 1168 2080 senex
1182 2025 1336 2080 acroaseis

232 2135 304 2176 suas
315 2136 468 2200 autequam
476 2118 591 2197 populo
610 2124 778 2190 commisit,
796 2125 860 2182 siue
870 2123 940 2203 quia
951 2141 1065 2198 purum
1081 2125 1112 2178 in
1127 2120 1186 2179 illis
1200 2119 1337 2178 habuerit

220 2214 365 2292 fiduciae,
382 2221 454 2286 sive,
478 2220 559 2300 quod
577 2223 677 2295 magis
696 2219 891 2289 crediderim,
916 2234 1014 2280 tantus
1029 2235 1134 2280 orator
1155 2224 1287 2293 inferius
1305 2221 1338 2276 id

233 2329 306 2387 opus
321 2315 514 2390 ingeniosae
528 2312 662 2372 duxerit.

545 2513 636 2586 XCl.
669 2507 858 2588 Cornelius
883 2512 1022 2584 Gallus.

276 2715 408 2798 Quintil.
428 2717 455 2794 l,
474 2719 505 2792 5,
523 2719 542 2778 8
561 2737 568 2776 t
586 2719 622 2778 'ln
638 2717 778 2778 oratione
793 2717 934 2790 Labieni,
951 2717 1016 2778 sive
1032 2715 1086 2778 illa
1106 2715 1240 2778 Cornelii
1255 2718 1344 2777 Galli

238 2829 294 2892 est,
310 2819 343 2878 in
353 2815 524 2880 Pollionem
539 2839 650 2880 casaur
664 2833 832 2883 assectator
846 2841 863 2880 e
877 2819 979 2884 Gallia
994 2820 1121 2882 ductum
1139 2833 1195 2882 est.

274 2955 389 3009 Cornelii
404 2956 496 3021 Galli]
511 2954 668 3014 Cornelium
685 2956 793 3012 Gallum
806 2957 938 3028 intelligo,
957 2957 1003 3026 qui
1020 2976 1075 3010 nou
1093 2956 1170 3013 modo
1187 2971 1275 3010 orator
1294 2957 1341 3008 sed

310 3040 389 3092 etiam
406 3038 594 3100 celeberrimus
611 3039 756 3112 elegiarum
770 3040 883 3112 scriptor
903 3041 1026 3094 habetur.
1042 3041 1135 3094 Oratio
1148 3041 1177 3092 in
1193 3040 1341 3094 Pollionem

310 3123 343 3174 ab
352 3121 412 3176 aliia
422 3122 548 3186 Labieno,
560 3122 592 3180 ab
600 3122 661 3182 aliia
670 3123 751 3180 Gello
757 3124 950 3187 vindicabatur,
962 3125 1023 3196 quia
1032 3124 1143 3176 oratoris
1152 3141 1248 3176 nomen
1259 3124 1341 3178 iudici

309 3210 435 3266 orationis
447 3209 566 3264 additum
580 3230 634 3264 non
647 3224 714 3264 erat.

273 3353 365 3404 casnar
372 3335 440 3408 Hlle
447 3335 550 3407 origine
559 3334 642 3408 hujus
649 3337 720 3393 rucis
729 3337 758 3390 in
766 3338 970 3402 commentariis,
985 3355 1052 3410 quos
1060 3333 1203 3408 aliquando
1213 3336 1242 3388 in
1252 3335 1341 3402 Quin·

310 3418 436 3478 tiliarum
447 3419 527 3478 edere
537 3414 568 3496 iu
577 3423 662 3478 anana
674 3433 724 3484 est,
741 3420 864 3474 dicturus
880 3441 949 3480 sum.

163 3605 167 3624 Κ
279 3543 405 3607 Serviane
418 3546 458 3608 ad
472 3543 560 3625 virg.
578 3546 680 3611 Bucol.
697 3545 754 3618 lX,
772 3545 810 3608 10
825 3567 834 3606 e
852 3545 916 3608 Alii
937 3543 1045 3607 dieunt
1060 3542 1224 3624 Virgilium
1238 3513 1351 3606 osten·⁸

239 3643 311 3728 dere
325 3643 469 3715 voluisse,
485 3646 564 3726 quod
577 3645 751 3708 Mantuanis
769 3665 826 3726 per
849 3643 1043 3724 iniquitatem
1059 3642 1163 3706 Alieni
1184 3642 1271 3715 Vari,
1288 3643 1343 3720 qui

239 3762 329 3822 agros
348 3743 466 3820 divisit,
483 3751 597 3828 practer
616 3745 764 3824 palustria
777 3744 858 3806 nihil
869 3743 1014 3808 relictum
1037 3743 1088 3818 sit,
1112 3742 1195 3805 sicut
1213 3761 1251 3804 ea
1267 3761 1343 3804 ora·

239 3841 339 3927 tione}
352 3843 486 3908 Gemuit·
497 3849 531 3903 in
552 3842 701 3924 Altinum
722 3843 918 3905 ostenditur:
938 3842 1016 3906 Cum
1035 3837 1144 3923 jussus
1163 3847 1219 3902 trin
1236 3840 1344 3902 midia

236 3963 347 4020 passus
361 3965 381 4001 α
396 3964 485 4002 muro
499 3949 528 4002 in
543 3945 662 4004 diversa
677 3941 858 4027 relinquere,
874 3957 905 4001 ut
919 3948 1102 4022 octingentos
1110 3963 1223 4020 passus
1236 3963 1342 4025 aqum,

238 4044 505 4126 quaerimoniam
527 4059 584 4118 est,
607 4046 812 4120 admoueris,
841 4044 1001 4130 reliquisti.
1016 4044 1153 4127 (Vossius
1170 4044 1247 4123 legit
1261 4063 1269 4102 t
1285 4047 1344 4102 uix

239 4146 466 4222 octingentos...
478 4141 671 4202 circumdata
683 4154 740 4216 est,
756 4163 827 4202 cum
841 4143 1049 4216 admonueris,
1066 4141 1249 4226 reliquisse.)
