2954 4840
665 295 734 368 333

136 439 315 516 factitasse,
334 444 561 499 manumissum
578 439 691 498 alienus
710 439 889 518 sefamilioe
905 441 1008 499 venali
1028 444 1241 515 immiscuisse,

147 561 167 596 a
182 559 215 598 se
227 550 401 620 rogantem,
418 554 447 598 ui
461 544 492 598 ei
506 543 640 614 serviret,
654 554 798 617 emptum.

188 635 311 698 Charis.
329 637 355 696 1.
371 656 404 718 p.
422 638 460 701 59
479 657 487 696 :
508 636 629 715 Clipeus
647 634 816 699 masculino
833 651 947 716 genere
962 634 997 698 in
1019 635 1242 716 significatione
1315 641 1317 644 ’

146 732 227 795 scuti
241 731 377 814 ponitur,
406 748 436 791 ut
450 732 603 796 Labienus
616 739 673 808 ait,
699 747 809 797 neutro
824 745 927 797 autem
947 755 1061 816 genere
1075 735 1243 820 imaginem

147 825 314 907 significat.
331 829 392 892 Sed
404 829 531 890 Asinius
540 851 598 908 pro
617 830 756 891 Urbinia
772 830 945 892 haeredibus
956 829 1101 912 imaginis
1113 832 1244 914 clipeum
1268 812 1339 896 215

146 926 315 994 masculine
329 925 425 987 dixit:
445 926 565 1007 Clipeos
577 941 740 1004 pretextae
752 931 900 1007 imaginis
910 933 1038 1007 positus.

174 1088 227 1146 pro
241 1069 350 1124 Urbinia
363 1069 410 1140 1.]
429 1072 453 1122 N
456 1087 464 1124 ¹.
482 1073 565 1124 Faber
578 1073 611 1124 ad
625 1073 716 1126 Senes.
730 1075 794 1126 Exc.
807 1073 932 1126 Contron
954 1092 989 1135 rr,
1010 1091 1039 1144 p.
1060 1074 1111 1126 tn
1131 1087 1159 1128 et
1171 1077 1241 1130 Bon·

214 1159 306 1210 damus
315 1159 379 1210 Var.
388 1159 472 1212 Lectt.
486 1179 514 1232 p.
529 1161 573 1224 22,
584 1179 718 1214 correxere
728 1160 867 1231 vulgatum
878 1160 910 1212 de
917 1157 1055 1234 provincie
1066 1159 1207 1238 heredibus.

179 1283 275 1352 clipeus
289 1281 426 1354 imagini]
444 1283 566 1356 intellige
582 1285 709 1358 clipeum,
725 1286 755 1338 in
768 1303 822 1354 quo
837 1285 923 1358 imago
938 1285 993 1338 sire
1006 1286 1115 1357 προτομή
1127 1285 1242 1357 Impera-

215 1366 281 1418 toris
294 1383 417 1436 expressa
430 1378 480 1418 est.

187 1508 321 1594 Quintil.
338 1513 422 1588 Vlll,
452 1511 483 1588 3,
508 1513 547 1574 32
570 1514 657 1574 :Nee
672 1532 690 1573 a
705 1510 811 1574 verbis
834 1513 935 1587 modo,
958 1514 1010 1574 sed
1033 1511 1242 1576 anominibus

146 1629 267 1700 quoque
291 1612 432 1671 derivata
452 1625 524 1683 sunt
537 1611 686 1690 quadam,
704 1622 768 1670 uta
785 1611 940 1674 Cicerone
963 1611 1180 1686 salutarunt
1201 1611 1241 1670 ab

139 1709 254 1768 Asinio
266 1708 297 1764 F
296 1707 473 1765 imbriotum
487 1721 519 1768 et
527 1709 557 1765 F
556 1708 714 1786 igulatum.

145 1857 172 1906 F
172 1855 318 1989 rgnssriplm]
338 1854 743 1993 §peldingilrpsbadpotavip'lepc
752 1857 925 1993 ςὲαηὶἷεηὶσο
939 1860 1138 1994 usturpatumtab
1150 1855 1242 1991 Agnis

212 1956 513 2094 seiviiioeripielitisioai
526 1941 983 2098 1111113η11ἓυ131υι111.)ἑ.6131113ῗῷ
992 1957 1241 2100 Figuwliniuiddiuiii

214 2095 397 2175 Fimbriatrim,
412 2129 488 2184 quem
501 2129 583 2182 quom
591 2113 718 2166 occasione
727 2113 879 2194 appellavit,
891 2115 990 2166 nullam
999 2113 1147 2186 conjiciendi
1153 2133 1241 2169 auam

215 2193 295 2250 uideo.
306 2195 463 2250 Notissimus
474 2205 517 2250 esi
530 2198 561 2252 C.
572 2199 685 2252 Flauius
694 2198 819 2263 Fimbria,
835 2198 923 2253 Cinna
930 2201 1045 2253 satelles.

186 2329 317 2411 Quintil.
335 2330 393 2405 111,
411 2331 443 2405 2,
461 2336 478 2395 9
500 2335 755 2411 :interrogamus
767 2331 862 2396 etiam
879 2335 1015 2396 instandi
1026 2335 1125 2413 gratia
1139 2349 1170 2398 et
1188 2357 1239 2398 au·

141 2431 278 2494 ferendae
292 2429 566 2494 dissimulationis:
593 2446 627 2492 nt
647 2433 798 2494 Asinius:
818 2435 959 2493 Audisne
970 2432 987 2490 2
994 2435 1170 2513 furiosum,
1198 2441 1241 2496 in-

141 2554 247 2615 quom,
264 2553 326 2592 non
338 2532 549 2614 inofficiosum
562 2547 775 2593 testamentum
790 2532 1048 2613 reprebendimus.

175 2684 306 2752 Asturius]
325 2684 354 2737 in
372 2683 423 2752 hae
444 2682 571 2747 oratione,
587 2685 690 2756 opinor,
713 2702 743 2735 ea
760 2683 838 2735 verba
852 2681 927 2734 dixit.
948 2680 1129 2734 Thorheokius
1141 2695 1188 2734 aut
1207 2685 1240 2736 ad

137 2771 139 2778 '
212 2772 280 2824 hano
303 2771 445 2824 orationem
466 2772 560 2824 autad
582 2783 734 2840 sequentem
747 2766 939 2840 pmffbibumiu
962 2768 1123 2842 pertinuisse
1148 2773 1241 2824 statuit

212 2875 241 2926 p.
263 2857 307 2908 18.

183 2993 215 3053 8.
238 2991 308 3052 ΑΙίο
324 2993 446 3054 Asinius
461 2994 577 3075 jndicio
590 2991 667 3055 dixit
678 3013 736 3075 pro
752 2989 908 3067 ithunae,
924 2979 1122 3074 eamdemque
1135 2993 1239 3056 defen·

139 3092 218 3154 disse
232 3091 395 3155 Valerium
408 3095 570 3157 Messalam
591 3096 751 3179 suspicor,
776 3105 810 3154 ut
826 3094 859 3154 in
874 3095 1006 3156 Messala
1020 3095 1237 3160 animadverti.

183 3191 318 3277 Quintil.
335 3197 390 3271 IX,
410 3195 442 3272 2,
462 3195 501 3258 34
516 3218 524 3256 ε
541 3197 584 3262 Ut
598 3197 682 3259 diota
701 3207 804 3256 autem
817 3194 964 3276 quaedam,
980 3197 1025 3257 ita
1037 3196 1152 3278 scripta
1166 3216 1239 3276 qno·

141 3311 200 3371 que
214 3290 288 3372 fingi
304 3294 403 3355 solent
418 3315 425 3353 :
448 3294 529 3375 qnod
543 3293 619 3355 facit
640 3289 764 3355 Asinius
778 3311 835 3372 pro
849 3291 1017 3353 Liburnia:
1034 3294 1137 3353 Mater
1150 3313 1239 3362 mea,

138 3412 207 3474 quse
222 3390 299 3450 mibi
313 3407 378 3451 tum
393 3374 632 3452 rarissimarum
647 3395 826 3452 dulcissima
829 3393 905 3470 suit,
919 3413 1049 3477 quceque
1059 3390 1137 3449 mibi
1151 3395 1238 3467 vixit,

139 3491 246 3574 bisque
260 3495 368 3552 eodem
383 3495 434 3552 die
451 3498 551 3553 uitam
570 3495 660 3568 dedit,
679 3491 858 3572 etreliqua,
875 3494 1002 3568 deinde,
1018 3491 1148 3552 exheres
1161 3507 1237 3554 este.

138 3587 212 3650 Haee
228 3610 298 3651 cum
313 3610 370 3671 per
389 3611 422 3652 se
435 3590 533 3670 figura
548 3603 604 3665 est,
625 3603 689 3650 tum
703 3589 890 3672 duplicatur,
903 3588 1020 3671 quoties
1039 3588 1120 3648 sicut
1132 3582 1167 3650 in
1180 3589 1238 3650 hae

140 3708 230 3750 eausa
240 3691 279 3751 ad
292 3687 498 3751 imitationem
512 3691 641 3752 alterius
652 3691 813 3772 scripturae
824 3689 1027 3772 componitur.
1043 3689 1121 3750 Nam
1130 3702 1238 3750 contra

137 3790 332 3852 recitabatur
346 3803 566 3854 testamentum
587 3791 651 3852 :P.
667 3791 818 3854 Novanius
839 3789 950 3863 Gallio,
977 3794 1026 3848 cui
1046 3810 1106 3870 ego
1131 3793 1238 3850 omnia

137 3895 340 3950 meritissimo
353 3892 424 3952 volo
438 3908 468 3951 et
482 3891 587 3966 debeo,
601 3913 658 3969 pro
682 3886 751 3974 ejus
765 3895 862 3949 enimi
876 3893 907 3949 in
929 3910 978 3949 me
992 3910 1114 3950 summu
1131 3888 1237 3949 volun·
1339 3891 1343 3898 '

133 4005 206 4068 tare,
221 4003 253 4052 et
267 3987 397 4075 adjectis
412 3991 557 4074 deinceps
572 3988 652 4064 aliis,
669 3989 758 4051 lieres
771 4004 847 4050 esto.

132 4143 220 4213 bisque
233 4146 321 4195 eodem
333 4144 389 4211 dre]
409 4143 428 4196 i.
439 4161 463 4196 e.
473 4142 634 4214 voluptatem
644 4144 712 4196 lueis
721 4141 824 4213 duplici
835 4140 913 4193 modo
923 4139 1003 4203 sensi,
1017 4139 1078 4209 quia
1097 4155 1130 4190 ex
1138 4137 1236 4208 optima
