2904 4840
734 274 778 343 70

186 429 190 438 ·
209 409 733 495 taudihuicasoiguatprovinoiam3
744 426 905 493 utrumque
916 412 998 474 enim
1010 428 1072 473 nou
1083 408 1151 474 siue
1162 414 1321 492 quadarn*

208 509 426 597 probabilitate
436 511 537 574 lacere
550 509 659 593 potuit.
1304 515 1308 522 '

252 611 303 676 st.
325 606 470 690 Sequitur
482 608 516 667 C.
531 607 706 668 Scribonius
716 607 753 668 C.
772 607 811 665 F.
828 608 929 668 cauo.
950 600 1047 689 Hujus
1061 626 1137 686 gens
1148 609 1201 669 diu
1212 605 1311 670 iutra

208 721 373 789 preturam
386 703 488 778 stetit,
505 717 540 765 ut
554 723 684 766 summos
697 706 829 767 honores
843 706 961 787 primus
974 701 1116 766 intulerit
1130 701 1169 777 is,
1185 706 1309 784 dequo

208 807 348 870 dicimus.
374 809 528 878 Recenset
547 802 582 866 iu
602 823 684 866 rarae
701 801 863 866 felicitatis
883 803 1032 886 exemplis
1055 801 1174 868 Plinius
1192 807 1232 865 H.
1256 807 1303 866 N.

208 908 338 982 v11,12,
347 908 426 987 quod
435 919 500 968 tres
509 895 655 968 contiuua
663 905 744 966 serie
752 903 1305 976 exstiterinteScriboniisoratores3

208 1025 282 1066 avus
292 1001 466 1085 pretorius,
479 1000 564 1084 cujus
574 1001 682 1064 Oratio
692 1020 749 1082 pro
760 1001 828 1064 Ser.
843 1000 952 1062 Fulvio
966 1003 1004 1063 de
1019 999 1139 1064 incestu
1151 999 1213 1063 illis
1223 1010 1306 1061 tesn-

207 1103 334 1188 p‘oriltus
346 1103 483 1187 perfecta
497 1101 564 1164 visa
577 1114 624 1164 est
642 1097 693 1190 [V.
706 1101 745 1162 ir.
762 1123 794 1184 p.
810 1103 868 1164 133
883 1099 963 1190 sq.];
985 1104 1075 1176 alter,
1093 1105 1130 1165 de
1141 1124 1206 1184 quo
1215 1123 1312 1164 uuuc·

207 1203 347 1276 dicimus,
370 1197 538 1264 consularis
552 1212 584 1261 et
597 1200 801 1282 triumphalis
820 1203 942 1274 tertius,
960 1199 1228 1280 ingeniosulum,
1243 1220 1303 1262 ro-

100 1305 102 1310 '
208 1300 326 1361 luntate
339 1298 486 1382 pessima,
508 1297 560 1358 iax
574 1296 648 1359 belli
662 1293 763 1359 civilis
772 1299 891 1362 Velleio
906 1296 1022 1374 dictus,
1043 1301 1089 1374 ll,
1110 1299 1163 1363 48.
1189 1302 1303 1362 Noster

209 1402 245 1462 C.
258 1398 370 1474 Curio,
391 1421 481 1480 mem
500 1412 621 1482 patrem
645 1396 781 1460 dicamus
802 1399 894 1474 licet,
918 1411 1006 1468 natus
1028 1397 1156 1462 circiter
1177 1421 1206 1461 a.
1225 1402 1299 1472 630,

209 1499 343 1560 maxima
355 1495 553 1560 similitudino
566 1496 710 1576 ignobilis
721 1495 880 1576 cujusdam
890 1493 1051 1556 histrionis
1062 1496 1220 1560 Burbuleii
1231 1519 1303 1562 con-

209 1607 347 1658 traxerat
368 1615 532 1674 agnomen,
555 1591 601 1656 sic
622 1595 745 1677 publice
766 1597 859 1658 etiam
880 1595 913 1654 in
935 1591 1085 1656 concione
1099 1607 1227 1658 vocatus
1247 1618 1301 1679 ap.

171 1737 178 1761 .
208 1694 331 1756 Sallust.
353 1693 432 1754 Hist.
451 1694 490 1768 ll,
508 1712 558 1774 ap.
577 1693 789 1766 Priscian.Vl,
805 1691 855 1764 ll,
874 1710 905 1770 p.
927 1691 986 1754 256
1006 1693 1054 1753 ed·
1071 1693 1198 1766 Krehl„
1219 1697 1302 1756 unde

209 1793 358 1856 nonsatis
373 1794 520 1855 consultis
538 1795 651 1855 ceteris
665 1787 842 1855 auctoribus
858 1790 1040 1852 Burbuleius
1057 1790 1091 1852 iu
1105 1793 1203 1872 lragg.
1220 1793 1298 1856 Sall.

207 1889 340 1950 illatum.
356 1889 436 1951 Sunt
447 1888 660 1953 autemValer.
673 1889 754 1948 Max.
768 1885 824 1956 tx,
835 1885 885 1961 14,
896 1887 925 1960 5,
936 1886 1055 1949 Plinius
1065 1890 1104 1948 H.
1116 1889 1233 1963 mvn,
1247 1891 1297 1958 12,

209 2004 292 2052 etex
305 2011 343 2052 eo
356 1989 477 2052 Solinus
490 1992 521 2064 l,
538 1993 573 2064 63
598 1988 679 2048 coni.
700 1986 824 2047 Ruhuk.
847 1989 886 2049 ad
900 1989 1011 2051 Vellei.
1032 1991 1080 2063 ll,
1104 2010 1135 2071 p.
1160 1991 1233 2052 386.
1260 1991 1300 2051 Ηί

209 2089 299 2169 plura
312 2089 418 2150 eodem
436 2087 505 2150 loco
524 2085 629 2148 talium
642 2083 840 2161 agnominum
858 2106 897 2147 ex
914 2087 1113 2150 similitudine
1129 2088 1300 2150 inditorum

210 2186 348 2268 exempla
361 2186 532 2268 proferunt,
550 2199 677 2261 quorum
692 2179 881 2244 notissimum
896 2195 942 2245 est
961 2187 996 2246 P.
1014 2185 1169 2268 Scipionis
1185 2186 1302 2248 Nasicae

209 2284 396 2367 Serapionis.
423 2283 587 2346 Curionem
611 2297 687 2340 vero
715 2280 812 2358 magis
837 2302 856 2342 a
878 2283 1077 2345 similitudine
1105 2297 1242 2346 motuum
1271 2297 1302 2346 ct
1360 2335 1371 2360 ,

141 2381 147 2390 ’
210 2395 326 2461 gestus,
343 2404 415 2446 sane
433 2376 607 2450 ridiculosi,
627 2397 719 2458 quam
734 2380 855 2454 vultus,
875 2379 1039 2462 agnomine
1059 2395 1182 2444 auctum
1201 2382 1297 2442 aiunt.

210 2482 249 2542 ln
263 2502 299 2544 re
313 2496 375 2544 tam
389 2479 473 2540 clara
487 2488 519 2536 et
531 2474 633 2536 multis
646 2488 759 2540 testata
773 2479 882 2543 mirari
896 2480 994 2558 subit,
1015 2482 1096 2560 quod
1108 2481 1254 2542 Krehlius
1268 2477 1302 2539 in

209 2579 262 2643 illo
283 2581 348 2662 ipso
360 2572 742 2651 fragmentosallustiano,
760 2576 884 2640 codices
900 2587 1042 2659 sequens,
1061 2592 1233 2641 monstrum
1251 2598 1303 2638 no·

209 2677 312 2750 minis,
328 2670 557 2752 Burbulegium,
572 2671 740 2737 invexerit.
763 2673 910 2738 Codicum
923 2695 1063 2738 errorem
1080 2676 1145 2758 jam
1162 2675 1305 2736 inaudita

211 2767 343 2838 nominis
357 2769 534 2833 terminatio
555 2791 685 2851 arguere
707 2771 1058 2855 potuerat,'prsescrtim
1079 2791 1149 2832 cum
1167 2771 1304 2834 editores

210 2873 338 2938 subinde
353 2872 398 2934 sic
414 2893 518 2936 avero
531 2874 675 2935 aberrari
687 2875 877 2948 adnotarint,
888 2873 1168 2936 utDrakenhorch.
1182 2875 1221 2935 ad
1232 2871 1300 2934 Liv.

211 2975 266 3044 IV,
285 2967 338 3041 44,
351 2973 383 3043 6,
405 2982 439 3032 et
454 2972 495 3044 X,
510 2975 527 3033 6
530 3017 541 3044 ,
554 2971 584 3044 l,
603 2971 638 3031 in
649 2968 797 3048 Appuleii
814 2982 846 3030 et
867 2971 1005 3030 Canuleis'
1024 2969 1200 3034 nominibus
1216 2968 1300 3031 fecit.

210 3069 350 3148 Quaestor
365 3067 462 3129 Curio
476 3065 569 3128 tuisse
584 3062 708 3128 ridetur
725 3087 754 3126 a.
769 3063 843 3142 658,
861 3087 929 3131 cum
943 3071 1050 3131 eodem
1064 3089 1147 3130 anno
1162 3065 1302 3130 tribunus

210 3163 313 3239 luerit,
331 3184 390 3245 quo
400 3163 495 3227 Cotta
507 3164 627 3224 iuturus
641 3166 675 3225 in
688 3163 747 3226 huc
762 3166 944 3244 magistratu
959 3179 1039 3242 crat,
1057 3164 1117 3228 nisi
1130 3167 1198 3245 lege
1208 3166 1304 3230 Varia

209 3266 378 3347 postulatus
392 3280 424 3328 et
438 3264 472 3327 in
491 3263 630 3329 exsilium
649 3267 751 3348 pulsus
763 3279 841 3330 esset
860 3274 905 3347 (a.
926 3269 1017 3347 663).
1042 3268 1188 3330 Eamdem
1210 3263 1303 3327 etiam

210 3361 305 3426 Curio
318 3363 454 3426 timuisse
469 3363 582 3425 dicitur
596 3360 730 3429 Asconio
748 3365 787 3426 ad
801 3365 1021 3428 Cornelianum
1033 3384 1063 3445 p.
1075 3364 1114 3424 73
1127 3364 1176 3424 ed.
1190 3362 1304 3439 orell,

211 3483 306 3544 quare
320 3484 390 3526 cum
404 3463 488 3526 Sulla
503 3464 622 3543 legatus
636 3463 693 3524 iuit
705 3461 787 3526 bello
803 3463 1024 3536 Mithridatico,
1048 3473 1079 3522 et
1098 3461 1300 3531 Athenarum,

121 3581 123 3592 ¹
210 3559 376 3623 Aristionis
395 3559 567 3627 rebellione
588 3547 762 3643 captarum,
777 3581 882 3624 arcem
893 3553 1011 3624 obsedit
1030 3557 1205 3642 (Plutarch.
1225 3559 1301 3620 Sutt.

210 3675 239 3716 c.
256 3654 320 3741 14),
337 3671 369 3720 et
381 3671 460 3720 teste
471 3655 614 3741 Appiano
626 3661 662 3720 Β.
676 3655 816 3722 Mithrid.
831 3677 860 3719 c.
872 3657 924 3732 60,
944 3654 1034 3718 suttae
1052 3657 1197 3718 mandato
1215 3652 1304 3716 Nico·

211 3747 330 3819 medem
344 3742 629 3825 et‘Ariobarzanem
644 3781 732 3840 reges
747 3761 780 3820 iu
791 3758 1016 3841 Cappadociam
1026 3759 1165 3820 deduxit.
1186 3755 1305 3817 Aiuisse

212 3881 293 3935 eum,
309 3860 401 3922 etiam
414 3862 524 3925 Cicero
537 3866 623 3925 Brut.
638 3882 667 3923 c.
680 3862 720 3923 63
736 3873 767 3922 et
782 3860 833 3934 90,
846 3854 933 3919 dicit.
951 3859 1012 3920 Sed
1026 3860 1217 3922 tribunatum
1231 3855 1305 3916 satis

212 3963 340 4025 tacitum
354 3978 504 4043 gesserat,
522 3978 683 4046 postquam
696 3961 790 4022 semel
812 3981 830 4020 a
849 3971 913 4020 tota
928 3973 996 4023 erat
1011 3958 1160 4025 concione
1176 3953 1307 4020 relictus

214 4057 290 4140 (Cic.
304 4064 389 4126 Brut.
404 4085 420 4126 c
447 4062 512 4146 89).
529 4063 681 4123 Reuersus
694 4054 898 4131 in‘civitatem
913 4077 982 4119 cum
992 4057 1110 4122 victore
1122 4056 1217 4131 Sulla,
1233 4056 1307 4116 adi«
