2904 4840
632 311 674 381 ot

7 419 9 482 l
100 455 317 519 dentissimum
334 451 434 513 iurem
449 449 601 529 increpat,
617 447 650 509 in
667 446 762 509 multo
781 445 882 506 minus
893 445 1020 507 ferenda
1030 468 1093 512 sese
1117 451 1211 514 uerae

7 559 8 634 j
100 559 268 642 psum1ut
289 552 343 637 fit)
373 549 583 628 obliviscitur,
600 563 633 609 ut
655 547 865 632 Quintilianus
883 547 924 622 X,
953 547 982 621 l,
1008 546 1084 621 113,
1104 555 1206 612 seculo

94 659 246 732 priorem
258 641 654 731 posseoideripronuntiet,
673 659 781 709 auctor
792 659 894 707 autem
912 643 1089 722 Dialogide
1106 661 1196 709 oratt.

78 771 128 812 .c.
150 751 207 826 21,
227 755 304 807 irzter
319 745 478 805 Menenios
497 761 526 804 et
540 743 669 824 Appios
681 746 782 805 uideri
799 745 959 810 studuisse,
981 760 1045 804 non
1060 742 1128 803 sine
1141 745 1208 805 sale

97 845 273 913 notaverit.
286 844 427 927 Scriptus
440 845 580 907 Pollione
595 843 736 918 inferior,
756 846 809 906 sed
824 841 960 905 oratoria
970 841 1061 904 laude
1073 861 1135 904 non
1150 844 1208 904 im-

96 967 173 1028 par,
192 947 234 1007 M.
254 941 365 1006 Coelius
382 939 546 1005 Ciceronis
558 943 711 1030 alumnus,
731 943 765 1001 in
785 941 867 1036 idem
879 957 974 1016 genus
985 937 1056 1002 vitii
1072 959 1134 1001 non
1147 941 1203 1001 im·

96 1049 277 1130 prudenter
291 1043 414 1134 incidit.
431 1039 608 1106 Ostendant
622 1041 766 1120 epistolae,
783 1058 857 1098 sane
870 1036 975 1100 facetae
989 1037 1059 1116 illae,
1071 1043 1151 1122 quod
1166 1043 1207 1103 de

98 1150 164 1211 boc
173 1159 298 1209 oratore
305 1142 477 1226 praedicant
491 1141 602 1202 Cicero
609 1143 697 1202 Brut.
708 1151 736 1200 c.
751 1139 800 1212 79,
818 1138 950 1220 Quintil.
963 1137 1003 1212 X,
1019 1141 1048 1214 1,
1062 1143 1121 1206 115
1132 1165 1140 1216 3
1151 1145 1208 1205 sed

98 1261 332 1322 nonnunquam
353 1239 514 1302 vetustatis
535 1237 672 1315 aerugine
691 1233 860 1298 infuscatae.
886 1234 1027 1296 Nitorem
1045 1237 1206 1302 Ciceronis

97 1364 198 1406 nemo
213 1355 325 1426 praeter
339 1339 375 1402 C.
398 1338 559 1412 Caesarem,
583 1336 702 1400 artibus
722 1336 808 1418 pacis
827 1354 938 1416 parum
958 1335 1106 1412 deditum,
1128 1359 1205 1402 asse-

98 1457 194 1506 cutus
215 1455 272 1505 est.
295 1439 373 1506 Vide
394 1439 432 1500 de
453 1437 636 1518 antiquariis
648 1437 730 1498 livii
743 1437 930 1498 sententiam
953 1439 1034 1520 apud
1054 1440 1206 1502 Senecam

99 1545 255 1608 Controv.
268 1544 320 1617 tv,
335 1541 388 1613 25,
401 1559 432 1623 p.
445 1539 505 1601 284
518 1540 568 1600 ed.
581 1539 666 1620 Bip,
679 1541 849 1616 Augustum
860 1539 941 1618 apud
950 1539 1078 1600 Sueten.
1092 1540 1125 1600 in
1134 1540 1206 1604 Vita

101 1661 132 1702 c.
144 1643 197 1715 86,
212 1653 245 1702 ct
255 1639 293 1700 de
303 1657 451 1720 perversa
461 1655 568 1698 eorum
575 1635 751 1697 imitatione
760 1633 893 1716 Quintil.
906 1635 951 1706 ΙΙ,
966 1636 995 1710 5,
1006 1635 1058 1710 21,
1073 1649 1104 1699 ct
1114 1638 1204 1721 Sym·

101 1738 207 1798 mach.
217 1737 298 1818 Epp.
309 1736 368 1804 lll,
381 1733 434 1793 44.

146 1835 198 1897 52.
221 1835 342 1894 Mortuo
353 1830 477 1906 Crasso,
492 1829 628 1892 Antonio
638 1829 814 1903 interiecto,
827 1829 933 1910 paucis
943 1840 974 1890 et
984 1828 1202 1891 clamatoribus

99 1933 256 2016 plerisque
279 1946 311 1995 et
334 1932 453 1994 rabulis
474 1931 575 1992 forum
598 1928 792 2005 tenentibus,
824 1931 863 2010 Q.
887 1931 1065 1991 Hortensius
1087 1932 1206 2012 primus

59 2071 62 2080 ·
101 2033 228 2112 agnitus
248 2044 310 2104 cst3
334 2041 369 2090 ut
389 2030 555 2091 redeuntes
576 2048 645 2089 cum
664 2029 791 2091 Sullana
805 2027 938 2090 victoria
954 2028 1045 2092 Cotta
1064 2041 1097 2089 et
1110 2027 1206 2091 Curio

101 2126 257 2210 superiori
278 2127 308 2187 ei
330 2127 490 2187 cederent.
515 2125 584 2184 Mox
606 2136 709 2186 tamen
725 2123 909 2187 Ciceronem
930 2125 1071 2186 aemulum
1088 2126 1205 2204 reperit

103 2227 222 2288 viribus
242 2247 305 2288 non
324 2227 492 2297 minorem,
515 2223 688 2286 eruditione
708 2224 877 2307 potiorem,
900 2225 953 2304 qui
973 2227 1084 2289 deinde
1102 2224 1205 2306 juncti

101 2324 246 2386 maximis
260 2323 359 2385 causis
373 2341 499 2405 operam
513 2321 675 2382 dederunt.
700 2321 793 2382 Circa
813 2321 1016 2399 Ciceronem,
1040 2338 1072 2386 et
1090 2323 1204 2405 partim

101 2447 138 2487 ex
153 2426 220 2508 ejus
236 2423 368 2498 officina,
381 2424 407 2484 si
419 2425 563 2484 Graecum
577 2423 734 2483 rhetorem
749 2442 819 2483 cum
835 2426 959 2485 consule
970 2427 1111 2488 Romano
1122 2447 1204 2487 com·

102 2523 208 2604 parari
223 2522 307 2598 licet,
320 2523 503 2604 prodierunt
518 2521 553 2580 C.
571 2520 687 2588 Caesar,
703 2519 755 2578 M.
772 2517 861 2595 Cato,
883 2517 952 2580 Ser.
970 2523 1132 2600 Sulpicius,
1149 2524 1200 2582 M.

106 2619 254 2688 Calidius,
277 2618 472 2696 M.-CoeIr'us‚
497 2619 531 2678 C.
559 2618 676 2690 Calvus,
703 2615 737 2676 C.
766 2615 855 2674 Curio
880 2621 994 2685 minor,
1015 2620 1062 2678 M.
1076 2619 1201 2690 Brutus,

104 2718 153 2779 M.
172 2716 318 2780 Valerius
341 2717 486 2778 Messala.
515 2715 577 2778 Sed
596 2714 814 2798 premittendi‚
846 2726 1011 2796 antequam
1034 2717 1072 2778 ad
1094 2717 1203 2777 horum

101 2833 150 2876 res
172 2825 202 2875 et
223 2825 344 2874 aetatem
368 2812 574 2894 pervenimus,
599 2813 748 2888 seniores,
772 2833 843 2874 cum
866 2810 976 2894 quibus
998 2825 1102 2874 tamen
1124 2810 1200 2874 vixit

102 2911 229 2972 Cicero.

143 3011 229 3074 Gens
246 3010 388 3082 Aurelia,
409 3022 482 3072 aute
493 3012 617 3072 Auselia
631 3012 726 3085 dicta,
743 3032 779 3073 ex
794 3009 918 3075 Sabinis
934 3008 1082 3084 oriunda,
1102 3013 1203 3071 ternis

106 3101 340 3183 cognominibus
359 3106 394 3166 in
414 3119 519 3168 ternas
540 3107 639 3169 divisa
661 3107 804 3180 familias,
820 3109 990 3181 Cottarum,
1007 3105 1197 3179 Orestarum,

103 3203 296 3267 scaurorum.
314 3205 435 3266 Primus
446 3227 596 3268 summum
609 3208 759 3269 honorem
775 3210 900 3287 adeptus
910 3206 951 3269 C.
962 3205 1064 3279 Cotta,
1078 3225 1148 3268 cum
1159 3207 1196 3268 C.

103 3306 231 3369 Servilio
245 3307 380 3370 Gemino
396 3307 466 3370 Cos.
487 3329 517 3368 a.
538 3308 621 3369 501.¹
638 3311 776 3371 Fuerunt
793 3323 893 3370 autem
905 3308 942 3371 C.
956 3307 1077 3370 Aurelii
1089 3308 1195 3380 Cottae,

104 3404 139 3464 de
153 3423 210 3484 quo
225 3425 308 3468 nunc
328 3405 469 3479 dicimus,
491 3406 604 3467 iratres
624 3408 695 3480 duo,
719 3408 842 3468 Marcus
861 3406 932 3469 Cos.
954 3405 1026 3477 679,
1043 3419 1075 3466 et
1088 3401 1202 3465 Lucius·

104 3505 168 3566 Cos.
184 3501 263 3582 6883
278 3518 310 3567 et
320 3521 469 3588 preterca
481 3507 628 3588 patruclis
639 3511 673 3569 L.
688 3508 790 3582 Cotta,
804 3510 855 3590 qui
867 3509 948 3570 ultra
956 3519 1123 3591 praeturam
1134 3525 1197 3568 non

46 3675 48 3684 y
106 3606 260 3670 adscendit
272 3604 350 3688 (Cic.
362 3611 451 3670 Brut.
462 3627 489 3670 c.
503 3609 541 3670 36
553 3608 649 3686 etii,
667 3609 748 3670 coni.
762 3611 810 3672 De
822 3621 901 3672 orat.
912 3610 970 3682 Ill,
986 3607 1046 3684 11).
1060 3607 1095 3670 C.
1106 3609 1198 3671 Cotta

77 3742 80 3750 ·
107 3713 189 3762 natus
202 3701 277 3772 629,
300 3705 423 3784 aequalis
441 3705 586 3786 Sulpicio,
610 3727 699 3786 quem
714 3717 829 3779 tamen,
849 3727 918 3768 cum
931 3717 1004 3766 ante
1015 3719 1196 3785 questurum

96 3800 225 3876 ,gessisse
235 3799 390 3878 videatur,
406 3801 440 3863 in
455 3804 616 3866 tribunatu
629 3807 761 3886 petendo
776 3797 956 3867 antevertit.
971 3803 1100 3868 Petebat
1112 3805 1197 3867 enim

106 3896 139 3953 b.
151 3897 279 3971 Marcio,
295 3897 367 3960 Sex.
382 3899 503 3963 Cesare
514 3900 600 3964 Coss.
614 3922 673 3984 quo
685 3923 767 3965 anno
777 3903 893 3982 dialogi
902 3904 950 3964 De
961 3916 1085 3966 oratore
1096 3902 1194 3962 habiti

105 3994 249 4099 lamneus,
259 3999 293 4060 in
304 4005 468 4069 annumU.
483 4002 543 4065 663
557 4000 634 4087 (Cic.
647 4006 782 4068 Deerat.
797 4005 825 4078 I,
836 4005 876 4081 7).
889 4005 961 4069 Mox
972 4017 1075 4066 tumen
1085 4004 1194 4066 Crasso

108 4109 156 4152 six
175 4095 343 4172 exstincto,
364 4103 615 4183 repetundarum,
638 4123 707 4168 mox
727 4103 795 4181 lege
806 4101 902 4168 Varia
921 4102 1099 4183 posttdatus,
1123 4115 1193 4159 cum
