2934 4846
797 328 841 396 48

273 481 350 534 mus,
368 480 425 523 cur
443 460 479 523 C.
501 461 624 540 Marius,
641 460 727 543 eujus
741 463 926 526 moerore-in
945 464 998 523 Μ.’
1017 461 1151 543 Aquillio
1170 460 1355 523 delendendo

272 580 456 642 magnopere
468 559 588 640 adjutus
601 559 724 635 dicitur,
742 574 811 642 post
826 558 859 622 in
874 561 1030 622 exitiabile
1044 561 1109 644 ejus
1123 561 1226 623 odium
1239 579 1355 621 exarse-

180 671 183 681 '
271 658 325 720 rit.
342 662 418 720 Nam
437 678 536 736 neque
552 657 766 720 saturniniani
785 658 932 739 temporis
950 659 1100 721 memoria
1119 663 1238 720 tanturn
1256 657 1356 718 valere

271 757 386 837 potnit,
401 768 433 818 et
447 754 575 836 Aquillii
593 774 685 816 causa
706 766 775 837 post
795 755 887 822 etiam
910 770 981 817 octa
1002 769 1057 818 est.
1082 757 1238 837 Praecipue
1259 765 1356 814 autem

270 858 381 935 gaudet
391 855 514 927 Cicero,
528 855 607 934 quod
617 866 721 932 gratos
729 855 865 916 Antonio
876 855 967 918 luisse
976 857 1010 917 L.
1025 856 1208 919 Ciceronem
1218 868 1356 938 patruum

270 973 369 1025 suurn,
392 966 424 1013 et
445 953 479 1013 L.
494 952 681 1014 Aculeonem
701 963 733 1012 ct
752 953 795 1014 Μ.
816 953 947 1015 Marium
964 951 1070 1014 affines
1081 949 1189 1034 saepius
1203 949 1357 1012 inculcare

270 1067 381 1136 potest.
395 1055 434 1116 V.
446 1054 532 1114 Brut.
551 1071 580 1114 c.
599 1052 651 1125 45,
667 1054 715 1114 De
726 1064 807 1116 orat.
821 1055 863 1128 ll,
880 1055 908 1113 l.
920 1051 939 1088 *
973 1057 1020 1116 De
1035 1052 1171 1115 moribus
1186 1052 1263 1113 nihil
1277 1061 1357 1111 nota·

271 1166 335 1214 tum
350 1150 488 1226 invenio,
506 1151 565 1212 nisi
582 1151 661 1232 qnod
676 1150 843 1230 Appuleius
856 1151 985 1232 Apolog.
1003 1171 1029 1212 s.
1043 1153 1090 1214 De
1103 1150 1203 1230 magia
1214 1169 1245 1234 p.
1256 1149 1295 1208 dl
1309 1147 1354 1206 ed.

270 1257 339 1337 Bip.
357 1255 440 1316 hunc
457 1255 490 1313 in
508 1253 589 1313 raris
607 1250 800 1334 parsimonie
812 1250 959 1334 exemplis
969 1253 1067 1333 ponit,
1082 1253 1163 1334 quod
1179 1263 1248 1316 octo
1266 1249 1359 1312 solum

272 1374 377 1417 servos
392 1349 514 1414 dicatur
529 1351 683 1412 habuisse.

313 1453 364 1513 38.
388 1451 466 1512 Sero
483 1460 515 1508 et
533 1447 644 1508 leviter
673 1447 808 1524 attigisse
827 1445 936 1511 literas
950 1445 1120 1508 Antonium
1135 1459 1199 1508 tum
1214 1465 1281 1507 mos
1294 1444 1359 1526 plu·

269 1549 435 1618 rimorum,
458 1542 511 1625 qui
531 1541 631 1605 causis
650 1540 788 1604 dicendis
808 1563 873 1605 sese
892 1544 1060 1615 dederunt,
1084 1555 1150 1602 tum
1171 1538 1267 1624 ipsius
1281 1539 1361 1622 apud

272 1644 457 1707 Ciceronem
472 1641 587 1703 dictum
601 1642 648 1703 De
657 1653 743 1702 orat.
756 1641 781 1715 l,
798 1640 849 1713 18,-
864 1640 1009 1703 ostendit.
1031 1642 1109 1702 Nam
1129 1659 1198 1701 cunr
1218 1657 1276 1720 pro
1291 1657 1362 1697 con·

271 1742 336 1804 sule
363 1739 397 1803 in
425 1741 567 1804 Ciliciam
585 1739 735 1816 navigans
757 1741 896 1802 Athenas
915 1740 1093 1823 appulisset,
1121 1735 1223 1821 prima
1249 1734 1361 1796 artium

266 1845 447 1908 Graecarum
464 1853 617 1923 praecepta
632 1839 848 1922 aphilosophis
865 1838 1076 1924 (Mnesarcho,
1092 1840 1282 1912 Charmada,
1297 1838 1356 1897 Me·

270 1944 409 2028 nedemo)
427 1941 579 2024 accepisse
593 1942 704 2003 fertur.
731 1941 791 2005 Sed
811 1954 844 2002 et
856 1943 921 2003 haec
937 1956 969 2004 et
983 1961 1050 2022 qum
1064 1938 1139 2001 ibid.
1158 1963 1187 2003 o.
1202 1937 1253 2014 14,
1269 1948 1302 1998 et
1312 1937 1357 2007 ΙΙ,

271 2044 387 2124 12sqq.
404 2043 442 2104 de
452 2039 572 2106 Graecis
582 2037 684 2102 literis
704 2037 788 2120 qussi
808 2039 986 2104 Antoniana
1008 2035 1127 2120 judicia
1148 2039 1356 2120 proferuntur,

268 2139 391 2201 veltota
401 2137 486 2211 ficta,
495 2138 544 2199 vel
555 2137 588 2198 in
599 2136 695 2217 majus
707 2148 794 2198 aucta
806 2150 836 2198 et
845 2150 996 2201 exornata
1008 2133 1207 2212 crediderim,
1220 2155 1259 2197 ne
1269 2135 1356 2195 homo
1396 2171 1401 2178 »

266 2255 329 2301 tam
343 2257 471 2318 magnus
484 2238 517 2299 in
531 2235 663 2301 dicendo
677 2255 804 2318 prorsus
817 2235 904 2300 rudis
917 2236 1076 2301 videretur
1090 2237 1264 2298 literarum.
1281 2235 1358 2294 Eun-

267 2340 336 2400 dem
357 2356 395 2399 ex
412 2354 498 2398 more
516 2335 710 2417 popularium
731 2335 869 2398 cultioris
888 2333 986 2397 aetatis
1005 2333 1211 2398 eruditionem
1224 2333 1359 2397 dissimu-

266 2434 354 2509 lasse,
373 2434 454 2514 quod
464 2429 532 2494 Cic.
546 2435 593 2494 De
604 2445 683 2494 orat.
698 2433 741 2506 ΙΙ,
756 2434 807 2508 36,
821 2445 853 2494 et
862 2431 996 2515 Quintil.
1012 2436 1082 2507 Xll,
1099 2439 1129 2516 9,
1145 2437 1175 2510 5,
1190 2434 1359 2498 affirmant,

268 2533 365 2614 magis
378 2553 398 2594 a
411 2528 574 2595 Ciceronis
589 2531 689 2592 studio
704 2550 794 2610 quam
809 2551 827 2591 a
841 2529 974 2596 veritate
988 2537 1161 2617 profectum
1175 2548 1267 2614 puto..
1282 2531 1358 2590 Nam

265 2633 315 2714 jus
331 2633 424 2696 etiam
440 2629 548 2706 civile,
572 2633 657 2713 eujus
671 2631 780 2692 saltem
795 2629 898 2712 aliqua
913 2631 1051 2710 cognitio
1063 2634 1182 2695 oratori
1197 2630 1357 2715 perneces-

267 2735 350 2796 saria
364 2745 443 2802 erat,
457 2733 547 2813 parvi
562 2731 668 2808 iecisse
680 2729 761 2792 idem
772 2733 851 2814 apud
865 2731 933 2795 Cic.
946 2735 993 2794 De
1011 2746 1090 2796 orat.
1105 2736 1130 2805 l,
1145 2735 1197 2806 38,
1212 2729 1355 2798 traditur,

267 2849 300 2896 et
313 2835 394 2916 quod
406 2851 468 2894 non
483 2832 557 2894 setis
568 2830 663 2894 latine
675 2853 714 2893 cx
723 2833 857 2915 ejusdem
870 2836 966 2896 Bruto
978 2855 1006 2895 c·
1021 2835 1060 2897 38
1081 2835 1216 2894 locutum
1237 2831 1357 2901 seimus,

215 2933 217 2940 '
268 2953 305 2996 ex
319 2927 452 2993 minoris
466 2929 613 2992 momenti
627 2930 720 2992 rebus
735 2932 773 2992 de
784 2930 980 3011 gravioribus
999 2931 1175 2992 existimare
1189 2945 1356 3012 possumus.

210 3063 212 3067 ·
266 3033 332 3094 Nec
342 3029 435 3091 etiam
445 3026 595 3109 judicium
609 3028 647 3088 dc
661 3025 795 3092 oratoris
806 3027 931 3108 ingenio
942 3029 1022 3110 apud
1033 3023 1099 3089 Cic.
1113 3027 1161 3090 De
1173 3044 1255 3093 orat.
1266 3031 1292 3101 l,
1306 3026 1355 3096 49,

267 3127 395 3191 Antonii
411 3123 512 3208 potius
532 3146 622 3206 quam
641 3126 844 3211 plurimorum
857 3127 1018 3192 Ciceronis
1038 3125 1199 3208 aequalium
1221 3130 1354 3196 videtur,

301 3391 313 3419 *
333 3389 412 3440 Hunc
422 3386 509 3440 locum
522 3389 661 3443 manifesto
679 3388 847 3460 depravatum
859 3407 936 3441 nemo
945 3401 1040 3459 praeter
1051 3388 1177 3442 editorem
1188 3390 1358 3444 novissimum

265 3473 358 3526 sensit.
368 3471 506 3542 Numquid
518 3486 571 3525 est:
593 3474 748 3528 Cicerocum
760 3471 805 3524 M.
820 3473 937 3528 Antonio
950 3479 977 3526 in
987 3479 1147 3546 provinciam
1158 3477 1291 3548 profectus
1301 3489 1354 3526 una

265 3557 429 3610 decesserat?
443 3555 583 3610 Scbdtzius
596 3559 710 3630 explicat
720 3577 727 3610 ε
738 3575 792 3609 una
804 3557 938 3626 profectus
952 3570 1007 3622 θεῖς
1021 3576 1075 3610 una
1086 3560 1164 3612 etiam
1178 3579 1238 3614 curn
1247 3575 1357 3632 procon-

266 3637 324 3691 sule
331 3637 451 3690 doccssit.
471 3638 590 3694 Putidam
604 3657 666 3691 sane
677 3637 812 3691 Ciceronis
825 3637 1004 3710 diligentiam
1021 3639 1098 3708 quasi
1112 3641 1172 3710 quis
1184 3641 1213 3694 in
1226 3633 1359 3713 provincia

265 3737 397 3778 mortuum
421 3724 569 3778 crediturus
592 3726 680 3778 esset!
704 3725 760 3776 Hoc
787 3723 853 3776 vidit
875 3723 1022 3785 ,Mullerus
1046 3725 1118 3779 Idem
1143 3727 1215 3780 addit
1226 3727 1358 3779 decedere

266 3809 298 3860 de
317 3807 382 3859 urbe
401 3809 483 3860 Roma
503 3809 526 3859 si
543 3807 866 3878 accipiatur,ineptiorem
883 3807 940 3859 lieri
959 3817 1075 3861 sensum.
1094 3811 1193 3864 Verum
1211 3822 1261 3862 est.
1281 3802 1359 3873 Quod

265 3893 393 3946 Miillerus
406 3892 573 3946 scribendum
593 3892 704 3952 suadet,
718 3892 865 3963 prefectus,
881 3911 935 3944 non
948 3894 1129 3948 benedefendi
1143 3904 1239 3965 potest,
1249 3889 1321 3962 quod
1335 3893 1360 3942 in

261 3983 420 4052 provinciam
434 3979 553 4028 decedere
563 3994 617 4027 non
633 3974 709 4028 facile
723 3976 821 4028 dictum
834 3976 995 4048 reperietur;
1013 3999 1099 4051 neque
1117 3977 1181 4030 satis
1196 3973 1360 4050 proconsulis

241 4093 242 4101 κ
265 4079 292 4118 et
303 4061 419 4137 praefecti
428 4059 542 4130 dignitas
556 4059 740 4132 distinguitur.
755 4062 855 4114 Verum
869 4059 1002 4116 lenissima
1011 4063 1155 4118 mutatione
1168 4063 1283 4134 profecto
1296 4058 1359 4115 scri·

264 4148 380 4202 bendum
390 4159 494 4206 censeo,
509 4154 535 4195 et
548 4142 773 4196 commodissimus
790 4163 884 4199 sensus
901 4145 993 4200 exibit.
