2904 4840
195 487 199 494 -
238 447 373 532 pratuli
387 449 555 526 lleroerus,
577 469 648 514 cum
662 463 694 514 at
713 451 876 540 Sallustius
890 457 952 529 vis,
970 453 994 514 i.
1014 471 1043 514 e.
1063 470 1158 522 utres,
1174 453 1342 532 pluraliter

237 545 385 639 dixisset.¹
396 549 476 613 Vide
488 549 575 614 Cort.
602 553 641 612 ad
655 551 778 616 Sallust.
796 553 919 632 Fragm.
935 573 969 635 p.
982 550 1056 618 963.
1084 548 1245 614 Assentior
1259 550 1342 610 ller-

237 645 468 728 cer031anguet
477 650 560 711 enim
570 651 813 714 eosdoloresvel
823 655 870 711 eis
884 649 1015 725 dolores,
1024 651 1105 732 qnod
1115 646 1343 732 apudGellium
1443 633 1445 712 i

237 757 269 808 et
277 746 411 810 Nonium
421 745 514 828 vulgo
524 746 649 827 legitur.
668 747 727 810 Vis
737 747 893 830 signifieat
901 743 1081 813 uiolentiam
1092 745 1192 811 omnis
1201 742 1342 828 generis,

237 845 452 920 contumelias,
467 857 501 906 ut
511 841 603 926 vulgo
615 841 748 910 dicimus
760 847 958 930 vimfacere.

277 944 400 1030 Lipsius
413 965 482 1009 curn
497 959 633 1030 putaret,
649 947 709 1012 hac
731 950 765 1012 in
786 947 929 1014 oratione
949 949 988 1010 de
1010 945 1111 1031 poeuis
1130 958 1251 1009 tantum
1264 944 1344 1010 laiso

235 1047 481 1132 provincialibus
500 1050 646 1132 irrogatis
665 1049 816 1116 Catonem
837 1071 903 1114 esse
925 1061 1078 1132 questum,
1102 1047 1224 1112 ubuum
1244 1047 1280 1112 iu
1303 1049 1344 1110 de

235 1147 330 1223 falsis
346 1155 443 1230 panis
463 1145 693 1226 mutavit,Var.
713 1154 814 1216 Lectt.
837 1149 932 1228 1,14.
957 1151 1017 1214 Setl
1037 1145 1198 1233 spectabat
1216 1168 1281 1213 non
1303 1149 1344 1212 ad

238 1260 454 1328 argumentum
469 1249 563 1311 totius
576 1247 739 1322 orationis,
757 1250 811 1310 sed
829 1250 868 1310 ad
887 1249 1095 1328 fragmentum
1109 1259 1243 1323 tautum,
1259 1247 1344 1330 quod

164 1377 211 1450 24
237 1346 328 1412 nobis
338 1345 493 1430 reliquum
503 1359 550 1410 est
559 1369 568 1409 t
580 1365 686 1429 porro,
699 1346 753 1427 qui
763 1346 905 1427 deflulsis
915 1351 1014 1427 poerus
1028 1346 1111 1410 dicet
1121 1367 1179 1431 pro
1190 1350 1227 1408 de
1238 1351 1345 1430 poenis

225 1441 827 1530 falsoirrogatis,latinnmloquiuego.
1390 1451 1394 1456 “

400 1667 489 1731 7-10.
512 1686 624 1734 ouante
647 1685 802 1734 intumus
823 1666 868 1731 ι’.
890 1683 1018 1732 mtuuu
1039 1687 1175 1744 cutura.

281 1859 449 1926 Orationes
461 1862 609 1942 adnm
626 1859 681 1924 Μ’.
699 1860 834 1924 ¹Acilium
847 1857 1053 1926 Glabrionem
1068 1879 1152 1922 anuo
1166 1858 1228 1922 664
1242 1859 1345 1922 dietat

239 1979 308 2022 esse
322 1956 470 2040 conjicio.
485 1960 586 2024 Testis
597 1957 936 2032 estiiuinsllelVlb
950 1958 1139 2024 struentem
1155 1971 1239 2020 cuno
1254 1955 1342 2041 (ool)

240 2073 405 2120 censuram
417 2057 508 2122 multi
522 2070 555 2122 et
566 2055 648 2122 olari
660 2056 723 2120 viri
739 2057 911 2140 petierunt,
927 2073 995 2138 qum
1007 2071 1060 2118 res
1074 2067 1233 2136 tamquam
1253 2051 1287 2116 iu
1307 2075 1342 2118 sa

239 2171 349 2237 parum
364 2154 470 2234 magui
483 2152 665 2220 certaminis
679 2169 804 2218 musam
823 2151 969 2228 heberet,
992 2153 1086 2216 aliam
1108 2151 1342 2218 contentionem

239 2253 337 2318 multo
350 2255 500 2338 majorem
514 2253 676 2320 excitavit.
691 2255 846 2320 Petebant
855 2255 892 2317 Τ.
904 2254 1054 2338 Quintius
1065 2252 1275 2329 Flamininus,
1301 2253 1339 2314 P..

237 2351 402 2417 Cornelim
414 2353 473 2418 Cn.
489 2355 524 2418 F.
537 2354 656 2438 Scipio,
670 2355 706 2416 lu
717 2354 862 2420 Valerius
878 2353 1021 2429 Flaccus,
1039 2355 1084 2416 Μ.
1101 2351 1231 2414 Porcim
1248 2350 1340 2423 Cato.

238 2451 282 2514 lt.
294 2449 440 2518 Claudius
453 2453 634 2530 Macellus,
653 2453 713 2516 Μ’.
730 2451 850 2516 Acilius
870 2451 1014 2525 Glabrio,
1031 2447 1085 2534 qui
1099 2449 1288 2612 buboclpom
1302 2449 1342 2510 ad

237 2551 464 2638 'lbermopylas
477 2555 653 2636 AEtolooque
665 2553 835 2620 conterat.
853 2555 892 2615 ln
902 2553 987 2615 bunc
998 2551 1143 2624 maxime,
1154 2568 1212 2632 quo
1243 2547 1340 2612 multa

238 2651 398 2732 conglutit
411 2651 580 2729 babuerat,
595 2651 705 2734 quibm
718 2669 864 2732 maguum
876 2661 1000 2734 partem
1012 2649 1171 2714 hominum
1185 2644 1340 2726 obligate

237 2759 300 2822 rat,
323 2748 412 2812 lavor
433 2749 540 2832 populi
563 2770 596 2812 se
618 2749 802 2812 inclinabat.
830 2749 868 2812 lu
890 2765 961 2812 oum
984 2761 1066 2826 egre
1089 2757 1275 2830 paterentur
1297 2756 1342 2808 tot

238 2848 369 2922 nobiles,
392 2868 505 2911 novmn
519 2846 581 2910 sibi
593 2848 748 2912 hominem
764 2861 886 2912 tantum
899 2843 1055 2932 praeferri,
1078 2848 1117 2909 P.
1139 2841 1341 2928 Sempronius

236 2946 401 3008 Graecinus
413 2959 447 3009 et
459 2945 497 3009 G.
510 2943 713 3028 Sempronius
728 2946 851 3008 Rutilus
865 2947 987 3008 tribuni
1001 2942 1103 3028 plebis
1115 2945 1146 3008 ci
1160 2945 1243 3008 diem
1260 2945 1342 3007 dixe·

236 3055 327 3118 snut,
344 3043 424 3124 quod
437 3044 578 3126 peenuioe
592 3043 687 3124 regite
704 3044 876 3127 praedaeque
888 3043 1080 3127 aliquantum
1102 3057 1200 3128 captae
1219 3044 1254 3106 in
1274 3045 1337 3106 Au-

236 3138 333 3202 tiochi
358 3136 472 3201 castris
496 3136 657 3222 usquein
683 3137 839 3223 triumpho
865 3141 988 3204 tulisset
1013 3157 1115 3223 neque
1139 3136 1173 3205 in
1197 3136 1339 3202 ararium

235 3235 404 3299 retulisset.
421 3233 523 3300 Varia
542 3237 720 3301 testimonia
739 3239 913 3318 legatorum
934 3239 1193 3320 tribunorumque
1210 3233 1339 3308 miiitum

235 3346 338 3396 eraut.
362 3333 405 3396 Μ.
420 3333 498 3400 Cato
520 3351 593 3400 ante
614 3331 693 3400 alios
713 3348 809 3402 testes
831 3333 1105 3422 conspiciebatur:
1129 3333 1218 3422 cujus
1239 3350 1340 3401 aucto·

234 3435 362 3496 ritatem
375 3446 527 3518 perpetuo
540 3446 652 3500 tenore
665 3425 738 3499 vite
750 3448 874 3518 partam
892 3449 965 3516 toga
985 3435 1117 3498 candida
1130 3433 1287 3500 eleuubat.
1312 3434 1340 3494 ls

234 3534 339 3609 testis,
359 3555 429 3620 quae
449 3553 528 3595 vasa
546 3555 643 3596 astrea
660 3549 749 3622 atque
762 3549 909 3618 argentea
921 3539 1021 3613 captis
1035 3537 1145 3594 casmt‘s
1158 3537 1239 3594 inter
1250 3532 1341 3592 altizm

231 3636 376 3712 proadem
402 3640 522 3716 regiam
547 3638 692 3711 audisset,
718 3659 758 3698 eu
778 3657 812 3697 se
833 3641 864 3696 iu
887 3635 1039 3714 triumpho
1061 3635 1193 3716 negabat
1215 3636 1337 3696 uidisse.

233 3735 393 3800 Postremo
401 3737 435 3800 in
444 3738 535 3822 hujus
545 3740 679 3804 maxime
688 3738 838 3803 invidiam
849 3737 998 3800 desistere
1008 3738 1200 3820 sepetitione
1207 3735 1338 3804 Glabrio

234 3834 326 3914 dixit,
339 3842 565 3924 quantoquou
574 3842 666 3906 taciti
673 3840 914 3921 indignarentur
922 3838 1043 3902 nobiles
1049 3840 1202 3917 homines,
1213 3840 1247 3902 it
1255 3846 1338 3922 eque

233 3957 331 4004 novoe
340 3941 525 4024 competitor
536 3937 747 4004 inestimabili
757 3935 899 4024 perjurio
909 3935 1095 4006 inossserst.

7 4070 10 4118 t
91 4089 100 4130 3
274 4039 317 4102 tt.
334 4041 413 4102 Cato
428 4040 631 4121 interxtcstes
649 4051 799 4122 apparet,
822 4037 895 4120 quia
914 4038 1037 4119 legatus
1055 4040 1157 4104 luerat
1176 4037 1236 4103 Μ’.
1251 4037 1339 4102 tottii

232 4135 415 4202 Glabrionis
437 4134 572 4200 comttlis
592 4153 674 4200 anuo
696 4132 769 4200 tot.
796 4137 839 4202 V·
853 4137 923 4202 Lis.
939 4136 1081 4210 xxxvl,
1093 4137 1144 4202 Π.
1168 4135 1251 4202 Plu.
1266 4137 1333 4202 Cat.
