2934 4846
785 331 831 404 26

262 467 380 531 Catone
396 470 529 534 Galbam
540 468 710 534 Carneadis
724 471 895 534 auditorem
914 470 1067 536 exstitisse
1080 468 1236 544 discimus,
1260 465 1351 530 etsie

262 563 372 628 Cicero
386 568 434 630 De
448 569 570 651 republ.
581 569 649 650 Ml,
673 565 861 649 prodiderat,
885 568 940 630 ubi
956 587 1040 630 nunc
1055 553 1109 629 ¹est
1122 589 1151 630 c.
1168 567 1216 640 6.;
1242 564 1292 628 uel
1305 566 1352 626 sui

263 665 383 746 ingenii
395 667 542 732 felicitato
552 689 588 732 eo
600 669 698 731 elatus
711 681 777 743 est,
795 683 829 731 ut
842 668 959 752 primus
972 685 1070 730 onan
1080 666 1248 731 oratoriam
1259 665 1352 728 infor·

260 780 377 846 maret3
403 781 437 830 ut
450 771 652 849 egrederetur
670 790 690 832 a
711 768 880 854 proposito,
905 784 939 831 ut
963 789 1029 830 rem
1038 770 1196 848 augendo,
1214 767 1353 830 minuen-

258 865 336 928 dove
346 866 490 946 probare,
505 879 538 927 ut
549 868 716 943 delectare,
730 887 865 942 morere,
882 867 1026 948 abripere
1036 867 1153 949 judices
1166 864 1352 928 institueret.

259 963 311 1026 Sic
325 962 392 1026 Cic.
405 965 492 1025 Brut.
509 985 536 1027 c.
556 963 670 1042 21,82;
684 985 712 1027 c.
725 965 776 1040 23,
791 966 843 1041 90,
858 968 905 1027 De
919 976 999 1027 orat.
1016 967 1044 1038 1,
1057 965 1112 1042 533
1126 966 1164 1037 ll,
1175 966 1205 1036 2,
1218 963 1348 1046 Quintil.

260 1061 372 1136 11,15,
392 1060 423 1121 8.
446 1063 651 1144 asperitatem
668 1063 701 1125 iu
728 1065 859 1126 dicendo
884 1064 982 1126 eidem
1005 1062 1145 1124 tribuens
1168 1063 1283 1124 Tullius
1303 1063 1349 1124 De

260 1172 339 1222 orat.
359 1162 415 1234 Ill,
441 1163 470 1234 7,
490 1160 544 1234 28,
564 1176 597 1224 et
610 1165 744 1225 clamore
758 1185 796 1225 ac
809 1165 959 1226 lateribus
972 1181 1123 1246 pugnasse
1139 1161 1243 1236 dicens
1255 1165 1280 1234 Ι,
1298 1161 1349 1236 60,

259 1262 333 1335 255,
354 1261 412 1322 sibi
424 1263 572 1324 convenit
586 1283 654 1324 cum
670 1264 704 1324 in
717 1267 811 1327 Bruto
823 1284 852 1324 c.
871 1264 923 1330 23,
945 1283 1012 1344 sqq.
1025 1311 1033 1339 ‚
1046 1266 1063 1345 §
1077 1258 1182 1336 91-03,
1207 1265 1287 1326 miro
1304 1283 1350 1324 ar·

256 1365 342 1433 dole,
355 1362 426 1420 dnm
441 1361 569 1433 diceret,
591 1363 726 1443 plenum,
742 1364 808 1440 igni
823 1363 876 1424 illo
886 1363 1045 1424 scribendi
1060 1382 1148 1426 mora
1165 1365 1349 1444 refrigerato

130 1453 139 1468 '
256 1459 304 1519 sui
318 1475 442 1536 prorsus
456 1457 632 1518 dissimilem
649 1458 747 1520 visum
757 1457 934 1520 affirmavit.
952 1459 1030 1521 lnde
1042 1460 1137 1520 exiles
1158 1471 1190 1520 et
1201 1460 1349 1542 antiquio·

259 1574 310 1616 res
321 1553 413 1615 etiam
432 1553 572 1615 Laelianis
587 1556 742 1618 orationes
757 1555 833 1638 ejus,
851 1576 943 1641 quem
955 1555 1002 1616 sui
1016 1554 1163 1635 temporis
1175 1553 1349 1636 principem

260 1672 325 1715 esse
337 1654 508 1717 constabat.
526 1657 648 1738 Quippe
659 1677 729 1718 cum
743 1659 802 1719 sibi
818 1658 932 1732 omnia,
949 1654 1028 1717 nihil
1042 1654 1104 1717 arti
1115 1656 1253 1726 deberet,
1267 1656 1354 1718 felici
1419 1663 1423 1678 ⁶

257 1756 362 1812 re‘rum
381 1752 569 1829 agendarum
587 1750 784 1816 irritamento
802 1770 891 1818 extra
905 1753 1075 1836 sepositus,
1098 1753 1209 1817 deinde
1223 1753 1351 1832 refrige-

255 1858 351 1921 ratus,
369 1847 466 1928 qualis
477 1862 566 1924 esset,
585 1848 740 1932 apparuit.
757 1851 857 1935 (Lege
873 1854 958 1913 Brut.
976 1871 1006 1913 c.
1021 1851 1097 1935 22.)
1113 1849 1236 1931 Reliqui
1247 1863 1349 1913 aucto·

254 1967 323 2008 rum
334 1946 406 2020 loci,
421 1948 605 2010 utDeorat.
620 1952 633 2010 l
648 1997 656 2026 ,
672 1951 722 2027 13,
739 1954 825 2014 Brut.
841 1973 871 2014 c.
885 1951 938 2028 86,
954 1951 1028 2025 295,
1043 1949 1146 2012 Rhett.
1160 1951 1346 2013 adHcrenn.

257 2049 312 2121 IV,
331 2050 362 2119 5,
384 2067 495 2127 parum
508 2049 625 2113 fuciunt
638 2053 678 2113 ad
693 2052 796 2135 landes
810 2052 876 2136 ejus
890 2053 1042 2116 oratorias
1055 2050 1146 2112 altius
1160 2051 1349 2130 investigan-

256 2147 321 2208 das.
339 2149 424 2228 Aper
437 2147 471 2209 in
492 2149 574 2210 Dial.
596 2152 634 2213 de
658 2164 751 2213 oratt.
769 2171 797 2212 c.
826 2149 875 2226 18,
901 2167 934 2227 ut
948 2150 1135 2231 antiquitate
1152 2150 1260 2212 ultima
1281 2151 1351 2213 hor·

252 2245 353 2308 nidum
363 2268 493 2329 prorsus
507 2251 650 2330 damuat3
672 2266 781 2315 contra
803 2250 908 2314 mitius
923 2253 1081 2314 Maternus
1093 2251 1171 2311 ibid.
1188 2270 1216 2311 c.
1232 2253 1286 2323 25,
1301 2253 1351 2310 de·

251 2368 318 2408 esse
341 2350 469 2434 aliquid,
494 2369 560 2430 quae
588 2364 634 2414 est
658 2353 758 2418 urdene,
783 2351 849 2436 ejus
873 2353 1009 2412 laudibus
1034 2344 1187 2414 concedit.
1220 2351 1350 2414 Exilitas

251 2467 356 2511 earum
373 2451 549 2512 orationum
561 2451 594 2514 in
611 2473 702 2516 causa
716 2453 782 2529 luit,
798 2471 854 2516 cur
869 2467 949 2527 totae,
969 2474 1007 2515 ne
1023 2451 1211 2531 argumentis
1225 2448 1348 2532 quidem

249 2562 281 2610 ct
291 2550 467 2612 nominibus
481 2553 622 2626 servatis,
635 2553 873 2616 interciderent.
893 2552 943 2642 Π.
957 2553 997 2614 lr.
1013 2573 1046 2634 p.
1067 2544 1154 2636 106.l

294 2651 345 2712 20.
368 2653 476 2718 Galbae
491 2654 635 2716 addamus
648 2655 699 2714 M.
729 2653 894 2713 AEme'liom
909 2655 959 2714 M.
976 2653 1015 2715 F.
1035 2654 1202 2732 Lepidum,
1223 2651 1276 2732 qui
1299 2671 1349 2714 co·

250 2749 396 2830 gnomine
410 2766 458 2814 est
471 2754 607 2813 Porcina
621 2755 730 2831 dictus,
751 2755 877 2818 sortasse
888 2755 928 2818 ob
944 2755 1006 2816 oris
1020 2753 1168 2815 habitum.
1187 2754 1264 2813 Nam
1275 2752 1351 2814 alias

251 2852 311 2914 hoc
325 2871 477 2931 agnomen
494 2847 527 2913 in
539 2853 662 2915 AEmilia
680 2869 771 2934 gente
780 2856 916 2917 insolens
926 2867 982 2915 est.
996 2858 1084 2928 Eum,
1101 2866 1135 2914 ut
1146 2853 1283 2930 legitimo
1297 2873 1350 2913 an·

249 2971 359 3014 norum
370 2954 501 3019 decursu
516 2955 556 3015 ad
568 2955 702 3017 honores
712 2955 893 3036 pervenerit
917 2967 1100 3034 quaestorem
1112 2953 1240 3032 Pighius
1255 2954 1349 3016 habet
1413 2966 1417 2977 ’

249 3069 280 3112 a.
295 3049 377 3127 6043
397 3049 517 3111 aedilem
529 3069 601 3112 cum
618 3055 655 3114 P.
674 3053 788 3113 Nasica
800 3051 967 3133 Serapione
986 3071 1014 3112 a.
1034 3050 1095 3114 608
1110 3071 1118 3123 ;
1133 3063 1297 3132 praetorem
1316 3071 1345 3112 a.

166 3187 170 3191 -
250 3146 325 3225 611,
349 3160 382 3210 et
400 3159 470 3230 post
483 3149 587 3229 plnres
605 3149 744 3229 repulsas
759 3149 830 3211 Cos.
854 3169 923 3210 cum
939 3148 974 3210 C.
995 3145 1126 3210 Hostilio
1146 3147 1292 3209 Mancino
1316 3167 1347 3209 a.

249 3247 320 3308 616.
349 3250 394 3310 Ex
416 3251 476 3311 hoc
501 3249 686 3328 magistratu
712 3249 906 3332 provinciam
930 3248 1129 3332 Hispaniam,
1157 3248 1347 3309 Numantino

249 3345 385 3408 Mancini
394 3345 510 3407 loedere
523 3365 632 3426 parum
641 3357 749 3419 tutam,
765 3359 930 3426 prorogato
941 3344 973 3406 iu
984 3365 1099 3406 annum
1112 3341 1242 3426 imperio
1253 3344 1345 3416 rexit,

249 3461 289 3520 qn
308 3442 388 3504 mvis
403 3441 468 3523 ipse
485 3460 603 3522 quoque
618 3443 657 3504 ab
672 3441 810 3504 hostibus
826 3443 944 3504 cladem
960 3441 1128 3524 accepisset
1150 3438 1236 3523 (Liv.
1261 3442 1343 3523 Epit.
1459 3493 1461 3508 .

246 3539 342 3624 LVl).
374 3543 451 3603 Inde
469 3535 646 3604 multamei
672 3543 786 3604 dictam
801 3542 956 3624 Appianus
974 3543 1104 3624 Hispan.
1122 3561 1151 3602 c.
1175 3537 1344 3603 serasera.

244 3642 293 3704 De
313 3641 381 3704 aliis
394 3642 490 3705 rebus
500 3655 533 3704 et
546 3656 647 3710 morte
669 3644 711 3702 M.
728 3643 845 3705 AEmilii
861 3643 1012 3706 nonsatis
1028 3653 1159 3703 constat.
1183 3643 1242 3704 llio
1255 3644 1345 3704 homo
1398 3629 1402 3635 ’

246 3737 394 3821 majorem
405 3763 495 3824 quam
514 3762 571 3824 pro
585 3745 725 3806 Romano
740 3741 806 3824 ejus
829 3744 928 3804 etatis
955 3742 1069 3804 cultum
1087 3753 1119 3803 et
1134 3740 1285 3804 luxuriam
1297 3761 1345 3804 se·

241 3839 304 3900 tari
318 3839 429 3922 coepit3
455 3852 490 3902 ut
508 3839 631 3920 elegans
651 3841 726 3902 adeo
746 3841 907 3904 etGraecis
927 3840 1025 3901 literis
1041 3852 1073 3901 et
1086 3838 1194 3900 habitu
1211 3838 1342 3900 tinctum

241 3937 306 4020 ejus
317 3940 388 4003 ritae
399 3960 495 4020 genus
506 3936 708 4020 suspicemur.
719 3939 863 4000 Luxuria
873 3952 941 4020 post
952 3937 985 3998 in
995 3939 1124 4000 nimium
1135 3950 1232 3998 auotoe
1242 3955 1342 3998 exem·

240 4035 323 4118 plum
344 4037 461 4120 primus
473 4035 548 4100 villa
570 4034 654 4097 dedit
672 4035 763 4099 altius
775 4047 808 4097 et
828 4029 1076 4113 magnificentius
1085 4043 1252 4097 exstructa.
1273 4033 1342 4115 Qua
