2904 4838
614 361 680 434 183

171 513 295 579 (iniectis,
318 515 420 567 hostem
440 535 454 566 a
474 527 546 588 tergo
564 533 701 588 aggressus
721 527 803 568 estet
826 525 921 566 terrore
943 487 1059 585 replevit.
1078 517 1110 567 V.
1130 517 1187 569 Lis.

172 597 297 662 XXXIV,
310 601 351 652 il.
363 599 479 654 Bolbuis.
490 619 518 672 p.
533 603 604 668 tou]

107 707 111 716 ⁸
138 719 346 792 censeremus
358 725 386 776 in
396 723 445 778 huc
456 737 529 797 peste
542 725 666 779 orationis
680 741 797 777 censure
809 743 864 777 sun.
876 723 1006 787 meminit,
1016 723 1045 774 iu
1057 740 1109 792 qus
1118 741 1190 776 seve·

170 806 272 858 tissime
286 825 313 860 se
325 820 441 880 gesserat
452 819 480 861 et
492 808 589 863 multos
602 819 768 874 senatorum,
781 805 899 881 equitum
916 804 1080 878 aliorumque
1096 805 1192 858 civium

171 890 242 944 notis
253 891 379 945 censoriis
391 890 530 946 effecerat:
545 905 704 964 quapropter
714 903 839 964 expertus
850 905 892 946 est
903 903 993 964 postea
1005 901 1092 943 tentus
1101 887 1191 941 inimi·

171 974 290 1028 sitisset
307 973 494 1038 contumelias,
509 987 540 1028 ut
551 975 658 1027 nullum
670 975 751 1027 elium
762 976 882 1028 lutus-um
897 993 1032 1028 censorem
1049 973 1077 1026 id
1094 989 1193 1026 munus

172 1075 277 1129 aspere,
295 1070 323 1110 et
340 1071 372 1110 ut
387 1057 476 1124 decet,
493 1069 680 1111 exsecuturum
697 1075 756 1108 esse
770 1057 883 1120 disseret,
898 1057 960 1126 quie
976 1057 1056 1110 nimis
1071 1056 1193 1110 odiosum

170 1153 249 1196 esset.
259 1140 356 1196 ‚Livius
374 1139 479 1211 quidem
493 1139 558 1193 dicit
572 1138 695 1204 XXXIX,
711 1141 760 1192 lis
775 1139 880 1194 Nubilis
896 1139 1064 1210 censurasuit
1074 1141 1192 1192 simulta-
1263 1129 1269 1136 ”

169 1227 282 1295 &nsque
295 1222 391 1293 plena,
406 1242 465 1295 quoe
478 1224 522 1275 M.
537 1221 673 1288 Porciam,
690 1228 733 1276 eui
750 1225 874 1276 acerbitas
891 1240 922 1274 ea
940 1222 1128 1296 assignabantur,
1144 1241 1193 1294 per

171 1325 272 1358 omnem
283 1312 366 1358 vatam
378 1317 555 1358 exercuerunt.

138 1446 266 1510 cuens
281 1449 325 1522 11,
344 1467 374 1529 p.
389 1446 466 1512 197:
482 1446 650 1510 Catodier.
669 1447 746 1508 diet.
765 1445 797 1508 d.
814 1467 844 1510 e.
860 1464 931 1508 suo:
943 1447 1057 1506 Omnia
1070 1447 1194 1506 asmultu

97 1544 190 1623 plenia
195 1589 208 1618 ,
226 1545 322 1606 simul
332 1543 465 1608 bostium
477 1549 576 1624 copies
591 1565 714 1625 mcgnce
728 1559 833 1604 contm
846 1565 898 1606 me
910 1543 1070 1618 sedebant,
1088 1565 1192 1630 usque·

99 1665 216 1729 queque
228 1644 464 1706 lacessebumur.
490 1645 576 1706 idem
587 1665 595 1704 ι
611 1645 734 1704 Interea
746 1659 778 1704 et
791 1645 833 1702 aa
850 1649 950 1704 socios
962 1660 1079 1706 nostros
1091 1645 1194 1705 sedulo

100 1743 327 1820 dispertierom,
340 1737 613 1822 oliosrumentum,
625 1741 687 1800 allo
701 1740 827 1821 legatos,
837 1739 900 1800 elie
911 1740 1029 1813 literas,
1041 1741 1100 1802 alio
1113 1761 1193 1818 proe·

100 1841 214 1898 sidium
227 1858 446 1923 usquequaque.

135 1992 267 2056 sedebant]
277 1989 296 2041 i.
306 2007 331 2042 e.
342 2000 426 2044 cestre
435 1987 579 2044 meusne.
594 1990 739 2058 Utrumque
752 1986 926 2059 fragmentum
938 1987 970 2040 ed
982 1984 1083 2052 bellum
1098 1988 1194 2059 Hispa·

172 2076 380 2148 niournspcetst.

144 2200 266 2265 Charis.
278 2203 321 2278 11,
333 2223 365 2286 p.
379 2201 456 2266 198:
469 2202 547 2266 Ceto
558 2203 598 2264 de
611 2202 770 2266 cenmhtu
784 2219 856 2265 suos
871 2202 932 2285 Qui
945 2203 1097 2262 unanimis
1112 2206 1195 2262 voci-

103 2304 159 2364 bus
169 2324 207 2364 ae
217 2308 366 2364 vicissim.

145 2403 266 2467 Charis.
277 2406 323 2481 11,
334 2418 366 2487 px
374 2403 436 2466 204
446 2425 455 2465 ι
466 2403 544 2467 Cute
555 2401 634 2464 dier.
645 2403 721 2464 dict.
732 2403 763 2462 d.
776 2423 805 2464 c.
817 2419 891 2464 suos
902 2404 1003 2486 Aeque
1011 2423 1195 2487 quemquam

103 2502 198 2562 multo
212 2524 286 2563 nova
300 2502 563 2582 miraculostecere
577 2502 695 2558 inimici
711 2502 783 2570 mel,
805 2513 907 2557 tomen
924 2517 1038 2582 nequeo
1057 2501 1196 2560 desinere

103 2606 217 2666 minan·
228 2623 337 2663 eorum
349 2605 511 2664 audaciam
525 2615 612 2685 atque
625 2599 848 2682 corfidentiam.

139 2741 312 2808 quamquam]
321 2736 364 2790 ed.
374 2737 482 2792 Peuci.
488 2753 628 2811 quaterque.

146 2858 269 2925 Charis.
290 2861 334 2940 ΙΙ,
349 2882 383 2946 p.
402 2863 460 2928 195
474 2884 482 2925 ι
497 2859 639 2924 ibidem:
656 2860 751 2922 Secus
762 2874 884 2920 cerotem
894 2877 1032 2940 agerem,
1050 2881 1142 2944 quam
1155 2861 1201 2922 illi
1225 2867 1267 2938 77

105 2966 251 3043 egissem.
741 2958 746 2975 '

141 3117 218 3171 quan
231 3100 289 3168 illi]
310 3100 434 3173 suppleri
446 3113 534 3174 potest
546 3121 553 3152 ι
567 3102 623 3172 Ego
635 3098 735 3163 cumei,
751 3109 783 3151 ut
794 3115 870 3150 secus
883 3109 984 3152 aetntem
996 3115 1109 3170 egerem,
1122 3117 1201 3171 quem

176 3185 277 3240 inimici
289 3183 351 3248 mei,
365 3196 397 3238 ut
407 3183 503 3246 Galba,
517 3184 624 3248 Furius,
639 3183 709 3246 Piso,
723 3182 849 3254 egissent.
1291 3262 1293 3271 γ
1328 3241 1332 3256 .

148 3307 271 3373 Charis.
287 3311 329 3383 11,
345 3327 378 3390 p.
396 3309 473 3372 179:
488 3305 626 3369 ibidem:
642 3305 682 3367 Εἰ
695 3311 742 3366 νει·
751 3307 968 3386 domomum,
981 3319 1012 3365 ut
1032 3305 1199 3388 milzifolso

109 3411 319 3477 nealedieatur.
1100 3455 1102 3460 ,

141 3543 208 3596 alant
220 3547 335 3611 οριναιιι]
352 3541 457 3596 inimici
469 3539 530 3594 nei.

150 3668 354 3730 inserendum
367 3667 491 3729 videtur
506 3661 537 3728 ei
552 3659 688 3728 orationi
702 3663 919 3744 fragmentum,
938 3668 1018 3748 quod
1032 3687 1050 3728 a
1063 3667 1152 3731 Festo
1167 3688 1198 3729 v.

111 3767 199 3830 Oreus
212 3767 304 3847 vulgo
317 3768 361 3828 Μ.
375 3765 474 3830 Coelio
487 3761 676 3842 vindicatur,
693 3777 727 3825 ut
746 3761 779 3826 in
791 3765 832 3826 Μ.
850 3765 948 3829 coelio
961 3763 1040 3828 Rulo
1051 3766 1199 3846 dicemus

109 3887 140 3949 p.
161 3865 219 3930 194
234 3885 280 3946 sq.
295 3865 335 3927 Et
347 3859 407 3925 alia
421 3885 439 3925 e
452 3861 562 3928 Servio
576 3874 608 3924 et
618 3861 786 3924 Plutarcho
798 3858 880 3923 infra
890 3883 924 3945 p.
938 3864 975 3926 87
993 3875 1025 3924 et
1036 3864 1071 3928 91
1090 3885 1134 3946 sq.
1293 3849 1296 3856 ¹

81 4033 86 4046 ¹
150 3963 222 4028 lies
240 3960 342 4026 oretis
364 3960 687 4026 commemorationem
712 3959 985 4036 commoturum,
1008 3961 1125 4041 quein
1148 3963 1200 4024 Hi·

110 4061 218 4141 spenis
231 4061 339 4124 consul
352 4075 435 4120 enno
451 4059 522 4136 558,
540 4077 606 4139 quae
618 4053 731 4119 dmnde
746 4053 780 4118 in
791 4057 917 4122 Grecis
930 4069 1021 4138 atque
1036 4059 1109 4121 Asia
1118 4077 1200 4119 enne

113 4156 186 4230 562,
199 4169 352 4238 postremo
366 4153 399 4219 in
417 4173 547 4220 censure
562 4173 645 4220 enne
656 4153 717 4219 569
733 4153 809 4217 Cato
823 4155 926 4234 gessit.
944 4153 1003 4219 Sed
1018 4157 1111 4218 index
1130 4173 1198 4217 ore·
