2954 4840
8 463 11 552 l

610 343 673 414 stt

84 493 302 560 satagentem
323 473 443 546 acriter
456 494 489 542 et
509 482 671 553 ardenter,
696 499 754 542 nec
773 478 875 543 minus
895 477 1043 560 politect
1065 491 1188 554 ornate,

84 582 155 644 sive
178 581 326 643 meditata
347 582 412 642 sive
428 579 530 642 subita
555 579 720 662 proterret.
749 581 869 642 Adsunt
892 589 990 640 acutae
1010 574 1190 660 crebreque
1216 563 1285 636 253

78 679 255 753 sementim,
268 679 373 758 grauis
387 691 418 740 et
431 679 545 740 decora
562 675 778 750 constructio,
794 677 939 740 sonantia
953 674 1051 736 rerba
1063 691 1095 738 et
1109 673 1192 737 anti·

84 796 161 858 qua.
182 775 296 838 Omnia
316 776 381 836 haec
396 774 477 837 mire
492 776 626 857 placent,
656 797 725 837 cum
746 775 862 856 impetu
878 774 1008 855 quodam
1023 785 1055 835 et
1068 769 1194 836 flumine

85 876 319 956 provehuntur,
346 874 483 956 placent,
507 873 533 934 si
555 885 779 936 retractentur.
801 872 922 936 Senties
944 859 1027 953 quod
1037 889 1106 951 ego,
1122 892 1192 930 cum

85 978 246 1033 orationes
260 968 327 1054 ejus
342 977 375 1030 in
389 993 497 1032 manus
511 976 688 1050 sumpseris,
709 991 785 1052 quas
797 970 888 1032 facile
903 966 1043 1045 cuilibet,
1061 989 1193 1051 quorum

83 1088 135 1135 est
149 1074 283 1148 aemutus,
298 1054 500 1154 comparabis.
518 1074 603 1134 Idem
618 1069 767 1136 tamenin
777 1063 907 1133 historia
920 1070 979 1133 tibi
994 1072 1091 1150 magis
1105 1073 1191 1133 satis-

82 1173 182 1236 faciet
195 1175 246 1235 vel
263 1173 416 1235 brevitate
430 1176 481 1235 rel
495 1173 648 1236 suavitate
658 1175 709 1236 vel
723 1173 891 1255 splendore
904 1167 998 1234 etiarn
1010 1187 1041 1235 et
1052 1171 1190 1233 sublimi·
1292 1199 1295 1212 ⁴

84 1287 154 1334 tate
169 1270 332 1334 narrandi.
347 1275 427 1334 Nam
445 1269 480 1333 in
494 1271 697 1335 concionibus
711 1272 830 1348 eadem,
847 1291 914 1353 quae
932 1271 966 1332 in
984 1267 1190 1343 orationibus,

84 1375 138 1437 vis
153 1388 219 1437 est:
235 1375 371 1457 pressior
385 1387 490 1437 tamen
506 1388 536 1435 et
550 1375 818 1456 circumscriptior
829 1387 861 1435 et
871 1373 1043 1436 adductior.

124 1509 274 1578 Pompetitm
286 1507 363 1576 Sat]
383 1509 415 1560 ad
426 1508 547 1561 eumdem
560 1508 704 1580 Epistoless
717 1507 778 1560 libri
790 1509 802 1558 l
817 1509 915 1580 scripta
936 1521 987 1573 est,
998 1521 1025 1560 et
1034 1507 1066 1572 V,
1079 1511 1109 1571 95
1124 1509 1190 1570 Vll,

86 1610 88 1618 ·
161 1593 215 1644 let
227 1592 268 1652 ts,
288 1589 335 1655 IX,
353 1594 396 1645 38.

337 1787 465 1858 CXIV.
495 1787 536 1856 T.
565 1783 701 1856 Flavius
727 1785 959 1858 Domitianus

131 2019 285 2082 Priscian.
315 2018 368 2104 Vl,
393 2020 423 2095 l,
445 2040 477 2100 p.
497 2017 582 2090 241:
603 2016 799 2104 Domitianus
824 2023 855 2079 in
881 2034 986 2078 senatu
1003 2041 1060 2100 pro
1078 2041 1110 2080 se
1123 2021 1195 2078 :Ut

8 2165 11 2180 .
82 2137 219 2198 prosper
238 2117 538 2192 dicendtwsuccessus
562 2115 730 2176 ostenderet
748 2131 777 2174 et
798 2117 966 2176 aeduorum
988 2116 1193 2190 benevolentia

87 2236 230 2286 crescere
244 2214 611 2302 dicentiumfiscultatem.

126 2350 306 2418 Domitianus]
327 2350 365 2414 sic
384 2349 537 2404 Puteolrius.
559 2348 653 2402 Kmht.
672 2348 756 2408 edidit
769 2349 942 2404 Horatianus.
966 2353 1141 2405 Conantem
1161 2351 1193 2403 de

162 2439 310 2494 Donatiano
318 2437 387 2489 nihil
396 2435 503 2488 omnino
512 2435 636 2499 sciamus,
647 2453 696 2496 nec
709 2435 835 2488 Krehlius
849 2436 951 2506 aliquid
961 2437 994 2488 tle
1007 2455 1039 2490 eo
1048 2437 1148 2501 attulit,
1164 2440 1192 2490 in

160 2525 247 2597 priore
263 2523 376 2579 lectione
398 2519 623 2601 acquiescendum*
639 2539 696 2576 esse
710 2522 811 2594 putari,
834 2524 981 2597 praesertim
1003 2545 1071 2584 cum.
1082 2525 1191 2581 aliunde

160 2625 264 2676 quoque
281 2617 373 2658 notum
393 2606 428 2658 sit
446 2604 576 2657 orationes
594 2602 734 2674 reliquisse
755 2604 938 2676 imperatorem
952 2605 1142 2658 Domitianum.
1162 2610 1192 2660 ln

149 2687 236 2766 Suet.
256 2689 312 2742 vir.
332 2687 433 2742 Domit.
452 2709 477 2742 c.
493 2693 526 2742 20
545 2687 656 2762 legimus
674 2711 682 2739 .·
697 2683 824 2741 Liberalia
845 2689 932 2742 studea
952 2688 1055 2762 sinpert'a'
1065 2681 1193 2744 atthae-

159 2777 259 2851 gtem't,
275 2778 431 2848 quamquam
445 2773 604 2830 labbeanas
625 2777 737 2831 tncmtdto
755 2779 904 2850 absumptas
916 2774 1097 2851 impensissime
1113 2798 1200 2851 repo-¹

161 2879 220 2913 rara
238 2867 369 2913 curasset·
387 2861 531 2931 Nunquam
549 2868 633 2913 tamen
654 2867 703 2914 ant
722 2859 833 2914 historia
854 2861 1038 2916 carmentdusve
1061 2861 1192 2918 noscenda}

158 2965 260 3016 operum
273 2947 355 3000 ullam
367 2955 416 3014 aut
424 2947 485 3000 stilo
495 2947 538 3000 oet
544 2947 684 3001 necessartb
694 2947 776 3001 dedit.
784 2949 890 3002 Proetcr
897 2952 1087 3004 commentarios
1097 2960 1124 3004 et
1133 2960 1194 3005 acta

162 3030 256 3082 Tiberii
272 3033 383 3086 Coesaris
396 3030 464 3086 natu
471 3031 616 3092 lectitabat,
630 3032 752 3105 epistolas
773 3033 950 3106 orationesque
962 3043 991 3089 et
1006 3037 1192 3091 contaedeat

64 3099 72 3120 ⁸
153 3115 286 3189 formabat
304 3113 412 3187 ungento,
432 3115 553 3180 sermonis
567 3122 651 3168 tamen
670 3137 716 3171 nec
732 3114 894 3190 ineleganter,
915 3118 1189 3177 dt‘etorummterdum

161 3199 239 3250 ettam
248 3196 405 3250 notabilium.
421 3199 476 3252 Neo
488 3198 688 3271 praetereundus
706 3211 748 3251 est
760 3201 828 3253 alter
840 3201 927 3264 locus,
948 3205 995 3274 qui
1014 3205 1112 3258 ibidem
1125 3205 1191 3277 legi·
1284 3239 1291 3254 .

162 3295 207 3334 tur
225 3283 297 3353 (cap.
313 3283 540 3352 2:)Defunctum
557 3284 695 3354 (fratrem)
715 3285 787 3336 nullo
797 3292 977 3356 preterquam
997 3285 1192 3340 consecrationes

120 3381 122 3386 ·
161 3363 252 3417 honore
268 3362 392 3438 dt'gnatus
407 3383 473 3436 sape
492 3372 570 3416 ettam
586 3365 685 3438 carpsit
696 3367 803 3437 obliquis
823 3367 980 3422 orottbmtlus
993 3377 1019 3422 ct
1037 3366 1146 3422 edictis:
1161 3389 1194 3420 ex

161 3469 215 3520 quo
228 3452 285 3506 loco
296 3443 426 3506 Kriusius
438 3453 467 3506 in
481 3453 549 3506 libro
560 3455 722 3522 Defhntadus
735 3454 859 3507 Suetonii
867 3477 894 3528 p.
910 3459 959 3520 79,
972 3458 1103 3511 orationes
1119 3462 1186 3510 aDo

162 3535 271 3588 mitiano
282 3536 386 3610 colligit
396 3536 502 3593 relictas
517 3537 610 3602 fuisse,
627 3537 726 3607 quibus
744 3537 824 3591 fuerit
840 3558 906 3605 usus
917 3541 1062 3596 Suetonius
1073 3541 1101 3592 in
1115 3559 1191 3594 enar-

132 3673 135 3682 ,
164 3623 247 3676 rande
261 3623 315 3676 rita
323 3623 496 3696 imperatoris.
519 3625 815 3696 [Parisiensesquoque
830 3627 905 3681 codd.
935 3627 1112 3698 antiquissimi
1124 3649 1192 3700 prae-

162 3704 228 3757 bent
244 3705 416 3788 Donatt'anus.
436 3709 470 3760 Et
490 3721 561 3762 recte
577 3709 682 3762 videtur
699 3711 920 3763 Westermannus
934 3731 961 3782 p.
982 3713 1032 3763 tls
1056 3711 1088 3763 de
1106 3715 1193 3766 Dorni-

114 3779 116 3786 ’
165 3790 229 3842 tiani
245 3793 350 3843 nornine
361 3790 510 3844 dubitasse:
526 3793 591 3863 quid
600 3795 671 3846 enim
684 3793 828 3866 Imperator
839 3813 891 3866 pro
908 3815 934 3848 se
948 3795 978 3847 iu
992 3809 1086 3848 senatu
1098 3797 1191 3866 loquo-

163 3877 255 3926 retur?
269 3877 347 3929 Unus
362 3875 420 3928 cod.
437 3894 481 3948 np.
502 3878 642 3931 Krehlium
655 3877 830 3947 Dorittanun]

120 4004 243 4068 prosper]
265 3998 405 4070 legendum
414 4018 561 4073 prosperos,
585 4005 655 4074 quod
675 4006 806 4058 Prisciani
826 4017 965 4057 contextus
985 4005 1111 4077 postulat.
1141 4011 1150 4070 [
1162 4009 1192 4058 ln

102 4148 104 4160 Ι
160 4081 267 4164 exordio
280 4082 334 4138 baeo
348 4082 418 4152 diota
431 4101 489 4144 esso
501 4085 635 4151 ridentur,
655 4089 692 4146 ita
704 4089 810 4159 quidem
825 4107 831 4138 a
848 4090 882 4140 tJt
890 4087 1011 4158 properi
1019 4087 1121 4140 dr'cendt'
1131 4108 1192 4142 snc-

161 4186 248 4221 cessus
269 4169 435 4238 ostenderent¹
446 4171 506 4244 (vel
523 4174 718 4250 ostenderunt),
730 4177 876 4239 auditorum
894 4175 1064 4250 benetrolsntt'a
1081 4196 1191 4229 crescere
1242 4175 1243 4178 ¹
