2904 4840
779 311 824 388 62

248 443 317 530 Bip.
335 447 443 512 libros
457 451 496 514 de
514 463 583 516 arte
603 454 741 518 oratoria
758 453 886 518 Ladnos
902 465 1017 537 preter
1039 453 1081 514 ld.
1096 445 1225 514 Catonis
1244 457 1278 512 et
1300 447 1353 512 Μ.

251 545 377 609 Antonii
391 551 536 631 opuscula
547 552 639 633 paulo
656 553 758 614 minus
773 553 944 624 elaborata,
966 570 1028 614 non
1048 549 1139 612 luisse
1155 560 1228 611 ante
1242 558 1358 610 aucto·

249 660 315 702 rem
340 645 578 710 Rhetoricorum
600 652 640 711 ad
654 649 691 713 C.
715 649 918 740 Herenpinm,
935 649 1016 710 bene
1030 645 1164 711 ostendit
1188 641 1359 708 Schtttrius

249 735 282 798 in
301 741 444 820 Prolegg.
468 762 530 803 suae
546 744 673 808 editioni
696 744 831 829 praefixis
845 767 876 828 p.
897 745 951 806 41.
976 746 1083 824 Neque
1105 741 1257 824 exempla,
1280 759 1356 822 qnae

248 833 322 896 olim
332 835 498 917 posuimus,
514 840 673 904 hominurn
683 844 847 907 audiendis
858 840 1038 906 rhetoribus
1050 840 1241 904 eruditorum
1255 836 1355 900 fidem

248 936 400 1016 derogant
413 943 533 1004 auctori
554 945 639 1007 Dial.
657 947 696 1008 de
721 958 815 1008 orntt.
839 964 868 1007 c.
895 945 946 1017 19,
968 961 1039 1004 cum
1061 954 1161 1024 putat,
1183 957 1298 1023 paucos
1310 957 1353 1002 ea

248 1045 338 1096 aetate
348 1034 451 1115 luisse,
467 1042 520 1121 qui
535 1042 642 1106 doctos
659 1044 697 1106 de
712 1057 781 1105 arte
799 1042 987 1108 disserentes
1001 1036 1202 1103 audivissent.
1217 1037 1308 1111 Vide,
1321 1037 1356 1100 si

249 1132 329 1194 tanti
352 1148 417 1210 est,
442 1138 480 1200 de
503 1159 615 1204 recens
636 1141 760 1205 invecta
782 1139 954 1214 rhetorica,
980 1139 1133 1200 Polletum
1158 1137 1192 1197 in
1211 1133 1354 1200 Historia

248 1227 308 1292 lori
317 1231 450 1294 Romani
460 1235 502 1309 ll,
516 1238 548 1308 5,
562 1237 783 1318 comprehensa
796 1235 898 1318 primo
912 1247 995 1297 tomo
1007 1232 1157 1297 Thesauri
1172 1231 1351 1294 Poleniani.

292 1328 344 1390 48.
369 1331 484 1414 Quales
494 1332 610 1395 luerint
622 1335 858 1398 exercitationes
871 1333 1014 1397 oratorim
1027 1345 1092 1394 tum
1100 1354 1138 1395 ex
1152 1330 1354 1417 Quintiliano
1388 1383 1391 1390 .

249 1427 283 1488 in
298 1428 406 1508 primis
425 1443 457 1491 et
475 1430 595 1492 Seneca
612 1432 719 1513 liquet,
736 1444 801 1494 tum
812 1434 895 1496 hanc
909 1453 987 1505 rem,
1010 1433 1063 1494 scd
1082 1449 1191 1513 parum
1214 1431 1350 1512 copiose,

249 1527 397 1589 tractavit
410 1528 576 1594 Cresollius
586 1532 722 1596 Theatra
742 1533 835 1596 rhett.
859 1534 911 1608 tv,
935 1554 964 1597 o.
988 1534 1021 1594 6.
1040 1525 1094 1616 [V.
1111 1531 1349 1594 Westermann.

249 1644 280 1705 P·
305 1623 364 1687 ¹33
384 1645 469 1708 sqq„
490 1626 553 1696 248
569 1627 653 1719 sqq]
681 1631 730 1692 Ab
748 1633 808 1694 hoo
827 1631 950 1695 traditis
971 1613 1107 1712 maedam
1121 1627 1267 1690 addemus
1286 1647 1352 1690 non

250 1722 356 1801 multa,
370 1727 515 1807 quoniam
528 1748 591 1790 non
600 1729 752 1791 universae
766 1730 961 1812 eloquentiae,
972 1729 1006 1790 in
1021 1727 1132 1808 primis
1145 1726 1277 1798 Graece,
1287 1765 1289 1770 -
1300 1725 1352 1786 hi-

250 1825 377 1888 storiam
386 1827 525 1891 scribere
537 1829 733 1892 tentavimus.
748 1831 918 1896 Commune
938 1847 1050 1891 nornen
1064 1825 1213 1901 omnium,
1234 1845 1302 1908 quse
1316 1826 1350 1888 in

250 1926 363 1989 scholis
382 1931 614 1994 exercitationis
636 1933 738 2010 gratia
762 1931 1067 2014 pronunciabantur,
1093 1929 1350 1988 declamationum

251 2034 310 2099 est,
332 2047 358 2087 s.
382 2039 416 2088 nt
435 2027 540 2092 Groeci
560 2028 679 2102 dicunt,
701 2049 822 2112 perusa
849 2049 923 2112 quas
948 2028 1104 2090 invenisse
1129 2026 1256 2100 lectur,
1279 2041 1350 2086 cnm

250 2121 353 2186 Rhodi
365 2125 532 2203 habitaret,
550 2129 723 2202 AEschines,
740 2130 887 2193 convenit
901 2141 1002 2190 autem
1027 2138 1178 2196 sonante
1196 2121 1352 2185 Demetrii

250 2220 394 2294 Phalerei
409 2236 548 2306 tempora
567 2226 693 2289 lactum.
710 2225 763 2288 Sic
775 2226 988 2309 Quintilianus
1009 2225 1051 2296 ll,
1064 2223 1096 2296 4,
1115 2222 1168 2283 41.
1183 2217 1283 2283 Nimis
1294 2219 1350 2298 igi·

250 2334 302 2382 tur
315 2324 458 2389 credulus
467 2337 515 2388 est
523 2327 651 2389 Belinus
660 2328 698 2389 de
710 2327 797 2388 Ralla
815 2327 836 2389 l.
853 2348 883 2390 c.
897 2329 925 2398 l,
941 2347 973 2408 p.
996 2325 1068 2400 146,
1084 2344 1122 2387 ex
1134 2320 1348 2403 Antiphontis,

251 2440 317 2500 quae
328 2421 481 2500 seruntur,
493 2425 617 2507 scriptis
629 2425 821 2487 contrarium
829 2427 1106 2487 demonstraturus.
1125 2423 1231 2485 Genus
1245 2417 1350 2478 decla·

250 2519 421 2584 matianum
444 2521 701 2604 antiquissimum,
729 2535 762 2584 et
786 2523 836 2584 cui
856 2525 950 2586 etiam
971 2522 1156 2586 Ciceronem
1180 2513 1347 2599 plurimum

252 2611 398 2683 t'ribuisse
416 2621 607 2705 reperimus,
630 2634 665 2682 ut
678 2621 764 2682 horis
778 2623 886 2684 vacuis
905 2621 980 2684 talia
993 2621 1086 2684 etiam
1112 2635 1205 2680 senex
1220 2617 1349 2687 diceret,

251 2722 324 2778 tiam
344 2733 427 2792 sunt,
444 2737 633 2801 argumenta,
649 2741 828 2784 communes
841 2723 915 2795 loci,
932 2725 973 2785 tle
985 2720 1094 2802 quibus
1106 2716 1238 2798 Quintil.
1254 2718 1297 2789 11,
1320 2714 1349 2788 l,

253 2817 289 2891 93
307 2817 388 2880 conl.
405 2817 445 2892 X,
470 2819 502 2892 5,
521 2818 572 2888 11,
593 2829 625 2879 et
639 2818 767 2880 Sueten.
785 2819 809 2879 l.
825 2840 855 2883 c.
874 2821 931 2881 llis
944 2825 1142 2900 opponuntur
1159 2809 1352 2888 hypotheses,

253 2924 402 2993 quaesunt
415 2933 485 2975 cum
500 2931 606 2976 remm
617 2915 791 2998 complexu,
803 2914 870 2979 sive
884 2915 1037 2998 personis,
1054 2911 1141 2977 locis,
1157 2908 1349 2990 temporibus

253 3010 419 3072 adstricta.
432 3013 470 3076 V.
483 3011 617 3096 Quintil.
631 3014 672 3088 ll,
690 3013 722 3089 4,
739 3015 796 3088 24ς
814 3015 869 3085 lll,
890 3017 921 3088 5,
940 3012 980 3085 ts
996 3008 1064 3072 Cic.
1077 3009 1134 3075 Or.
1151 3027 1182 3071 c.
1202 3007 1241 3068 14
1255 3019 1288 3070 et
1298 3008 1349 3081 36,

254 3113 330 3194 Top.
343 3132 372 3174 c.
387 3113 439 3175 21.
456 3115 570 3176 Thesea
584 3129 685 3178 autem
700 3117 815 3190 dicere,
826 3110 1028 3194 Peripatetici
1041 3113 1185 3176 seruntur
1193 3111 1221 3174 si
1232 3129 1295 3173 non
1304 3111 1351 3171 in·

253 3210 392 3286 venisse,
419 3214 522 3276 sedes
537 3235 623 3279 more
634 3217 845 3297 frequentasse
858 3210 1009 3294 (Quintil.
1028 3201 1109 3288 XlI,
1135 3212 1260 3286 2,·⁸.)5).
1296 3208 1353 3270 Co·

254 3323 356 3389 gnatae
370 3323 461 3372 erant
475 3324 606 3378 armarat
619 3328 652 3376 ct
664 3319 821 3386 κατασκευαὶ,
838 3309 948 3390 quihus
958 3306 1075 3371 fabulis
1085 3308 1159 3370 fides
1179 3305 1282 3382 lieret,
1304 3303 1353 3365 vel
1421 3319 1424 3329 ’

253 3403 390 3487 historiis
403 3409 622 3489 derogaretur,
639 3408 722 3471 conl.
737 3406 871 3489 Quintil.
884 3408 929 3484 ll,
945 3404 977 3480 4,
994 3404 1046 3481 24,
1064 3405 1193 3468 Sueten.
1210 3405 1258 3465 De
1273 3403 1350 3465 clar.

254 3509 350 3571 rhett.
367 3529 396 3571 c.
415 3513 444 3588 1,
457 3531 489 3593 p.
503 3512 543 3574 33
555 3510 649 3574 Woll.
666 3483 857 3592 Hypotheses
871 3521 937 3569 tum
954 3525 1036 3569 verre
1050 3519 1177 3589 possunt
1195 3525 1272 3580 esse,
1286 3516 1352 3564 tum

254 3607 344 3668 lictae.
363 3610 411 3670 Dc
433 3609 516 3672 veris
535 3626 599 3669 non
612 3602 753 3668 dicimus.
774 3605 879 3670 Fictas
892 3617 996 3669 autem
1011 3625 1118 3665 causas
1138 3605 1248 3666 Cicero
1262 3600 1351 3675 dixit,

211 3738 215 3744 »
255 3715 333 3766 teste
346 3705 464 3768 Seneca
475 3705 625 3769 Controv.
636 3705 649 3762 Ι
660 3703 746 3785 praef.
759 3723 791 3785 p.
806 3702 859 3777 63,
876 3701 930 3784 qui
942 3706 1214 3763 controversiarum
1224 3699 1353 3776 vulgare

256 3824 369 3868 nomen
388 3803 543 3869 recentius
563 3800 656 3864 etiam
680 3804 766 3879 dicit,
795 3824 887 3884 quam
909 3801 1150 3875 declamationis,
1177 3800 1257 3880 quod
1279 3811 1354 3861 ante

255 3903 439 3968 Ciceronem
457 3915 489 3963 et
498 3900 628 3964 Calvum
643 3904 724 3984 apud
735 3902 853 3965 nullum
866 3900 1030 3964 latinitatis
1043 3910 1201 3961 auctorem
1215 3896 1352 3977 reperia-

256 4018 320 4069 tur.
344 3997 539 4082 Declamavit
554 4015 658 4066 autem
671 4002 821 4066 innuente
841 4001 959 4068 Seneca
978 4001 1000 4063 l.
1019 4019 1049 4062 c.
1064 4017 1181 4072 causas,
1206 4015 1273 4078 qum
1287 4016 1350 4060 non

255 4097 411 4168 absimiles
428 4099 570 4165 veritatis
595 4114 718 4180 essent,
744 4100 849 4184 quales
873 4101 906 4164 in
926 4099 991 4163 vita
1009 4096 1166 4159 hominum
1194 4096 1347 4168 accidere,
