<?xml version="1.0" encoding="UTF-8"?>
<!DOCTYPE html PUBLIC "-//W3C//DTD XHTML 1.0 Transitional//EN"
    "http://www.w3.org/TR/xhtml1/DTD/xhtml1-transitional.dtd">
<html xmlns="http://www.w3.org/1999/xhtml" xml:lang="en" lang="en">
 <head>
  <title>
</title>
<meta http-equiv="Content-Type" content="text/html;charset=utf-8" />
  <meta name='ocr-system' content='tesseract 3.04.00' />
  <meta name='ocr-capabilities' content='ocr_page ocr_carea ocr_par ocr_line ocrx_word'/>
</head>
<body>
  <div class='ocr_page' id='page_1' title='image "./oratorumromanor00meyegoog_0122.png"; bbox 0 0 2904 4840; ppageno 0'>
   <div class='ocr_carea' id='block_1_1' title="bbox 765 343 812 416">
    <p class='ocr_par' dir='ltr' id='par_1_1' title="bbox 765 343 812 416">
     <span class='ocr_line' id='line_1_1' title="bbox 765 343 812 416; baseline 0.043 -2"><span class='ocrx_word' id='word_1_1' title='bbox 765 343 812 416; x_wconf 83' lang='grc'>96</span> 
     </span>
    </p>
   </div>
   <div class='ocr_carea' id='block_1_2' title="bbox 239 473 1345 856">
    <p class='ocr_par' dir='ltr' id='par_1_2' title="bbox 239 473 1345 856">
     <span class='ocr_line' id='line_1_2' title="bbox 285 473 1341 560; baseline -0.009 -17"><span class='ocrx_word' id='word_1_2' title='bbox 285 478 336 543; x_wconf 84' lang='lat' dir='ltr'>to.</span> <span class='ocrx_word' id='word_1_3' title='bbox 357 479 405 544; x_wconf 82' lang='lat' dir='ltr'>De</span> <span class='ocrx_word' id='word_1_4' title='bbox 418 480 518 543; x_wconf 83' lang='lat' dir='ltr'>literis</span> <span class='ocrx_word' id='word_1_5' title='bbox 530 479 672 552; x_wconf 83' lang='lat' dir='ltr'>Messala,</span> <span class='ocrx_word' id='word_1_6' title='bbox 688 476 875 542; x_wconf 86' lang='lat' dir='ltr'>cultissimus</span> <span class='ocrx_word' id='word_1_7' title='bbox 887 477 963 560; x_wconf 88' lang='lat' dir='ltr'>ipse,</span> <span class='ocrx_word' id='word_1_8' title='bbox 981 475 1095 558; x_wconf 89' lang='lat' dir='ltr'>optime</span> <span class='ocrx_word' id='word_1_9' title='bbox 1113 473 1243 536; x_wconf 84' lang='lat' dir='ltr'>meritus</span> <span class='ocrx_word' id='word_1_10' title='bbox 1256 473 1341 534; x_wconf 85' lang='lat' dir='ltr'>vide·</span> 
     </span>
     <span class='ocr_line' id='line_1_3' title="bbox 241 567 1341 660; baseline -0.009 -20"><span class='ocrx_word' id='word_1_11' title='bbox 241 590 304 652; x_wconf 84' lang='lat' dir='ltr'>tur,</span> <span class='ocrx_word' id='word_1_12' title='bbox 323 589 356 639; x_wconf 88' lang='lat' dir='ltr'>et</span> <span class='ocrx_word' id='word_1_13' title='bbox 370 597 409 640; x_wconf 86' lang='lat' dir='ltr'>oo</span> <span class='ocrx_word' id='word_1_14' title='bbox 423 578 531 641; x_wconf 87' lang='lat' dir='ltr'>melius</span> <span class='ocrx_word' id='word_1_15' title='bbox 546 598 639 660; x_wconf 87' lang='lat' dir='ltr'>quam</span> <span class='ocrx_word' id='word_1_16' title='bbox 652 577 763 651; x_wconf 88' lang='lat' dir='ltr'>Pollio,</span> <span class='ocrx_word' id='word_1_17' title='bbox 784 595 846 658; x_wconf 90' lang='lat' dir='ltr'>qno</span> <span class='ocrx_word' id='word_1_18' title='bbox 862 574 914 636; x_wconf 89' lang='lat' dir='ltr'>bio</span> <span class='ocrx_word' id='word_1_19' title='bbox 928 570 1190 653; x_wconf 75' lang='lat' dir='ltr'>vaniloquentior,</span> <span class='ocrx_word' id='word_1_20' title='bbox 1207 567 1261 631; x_wconf 88' lang='lat' dir='ltr'>ille</span> <span class='ocrx_word' id='word_1_21' title='bbox 1277 589 1341 630; x_wconf 90' lang='lat' dir='ltr'>mo·</span> 
     </span>
     <span class='ocr_line' id='line_1_4' title="bbox 239 667 1345 761; baseline -0.006 -21"><span class='ocrx_word' id='word_1_22' title='bbox 239 679 356 742; x_wconf 78' lang='lat' dir='ltr'>alestior</span> <span class='ocrx_word' id='word_1_23' title='bbox 370 676 438 741; x_wconf 86' lang='lat' dir='ltr'>luit.</span> <span class='ocrx_word' id='word_1_24' title='bbox 462 681 532 761; x_wconf 81' lang='lat' dir='ltr'>Ipse</span> <span class='ocrx_word' id='word_1_25' title='bbox 546 690 660 761; x_wconf 73' lang='lat' dir='ltr'>pretor</span> <span class='ocrx_word' id='word_1_26' title='bbox 673 677 788 740; x_wconf 87' lang='lat' dir='ltr'>multas</span> <span class='ocrx_word' id='word_1_27' title='bbox 801 675 957 738; x_wconf 85' lang='lat' dir='ltr'>orationes</span> <span class='ocrx_word' id='word_1_28' title='bbox 970 673 1134 737; x_wconf 84' lang='lat' dir='ltr'><strong>historiam</strong></span> <span class='ocrx_word' id='word_1_29' title='bbox 1150 692 1214 735; x_wconf 89' lang='lat' dir='ltr'>non</span> <span class='ocrx_word' id='word_1_30' title='bbox 1227 667 1345 733; x_wconf 85' lang='lat' dir='ltr'>leviter</span> 
     </span>
     <span class='ocr_line' id='line_1_5' title="bbox 239 769 1344 856; baseline -0.009 -16"><span class='ocrx_word' id='word_1_31' title='bbox 239 773 355 856; x_wconf 77' lang='lat' dir='ltr'>attigit,</span> <span class='ocrx_word' id='word_1_32' title='bbox 371 797 423 838; x_wconf 85' lang='lat' dir='ltr'>res</span> <span class='ocrx_word' id='word_1_33' title='bbox 435 776 656 855; x_wconf 74' lang='lat' dir='ltr'>grammaticas</span> <span class='ocrx_word' id='word_1_34' title='bbox 669 787 816 840; x_wconf 86' lang='lat' dir='ltr'>accurate</span> <span class='ocrx_word' id='word_1_35' title='bbox 830 784 1043 854; x_wconf 86' lang='lat' dir='ltr'>perscrutatus</span> <span class='ocrx_word' id='word_1_36' title='bbox 1057 785 1119 846; x_wconf 87' lang='lat' dir='ltr'>est,</span> <span class='ocrx_word' id='word_1_37' title='bbox 1140 781 1173 834; x_wconf 87' lang='lat' dir='ltr'>et</span> <span class='ocrx_word' id='word_1_38' title='bbox 1192 769 1344 850; x_wconf 87' lang='lat' dir='ltr'>poematis</span> 
     </span>
    </p>
   </div>
   <div class='ocr_carea' id='block_1_3' title="bbox 239 967 1345 1154">
    <p class='ocr_par' dir='ltr' id='par_1_3' title="bbox 239 967 1345 1154">
     <span class='ocr_line' id='line_1_6' title="bbox 239 967 1345 1058; baseline -0.008 -20"><span class='ocrx_word' id='word_1_39' title='bbox 239 977 288 1038; x_wconf 80' lang='lat' dir='ltr'>Do</span> <span class='ocrx_word' id='word_1_40' title='bbox 301 975 456 1058; x_wconf 77' lang='lat' dir='ltr'>auspiciu,</span> <span class='ocrx_word' id='word_1_41' title='bbox 472 989 579 1038; x_wconf 85' lang='lat' dir='ltr'>nostro</span> <span class='ocrx_word' id='word_1_42' title='bbox 589 971 804 1058; x_wconf 83' lang='lat' dir='ltr'>perinjurium</span> <span class='ocrx_word' id='word_1_43' title='bbox 818 971 951 1034; x_wconf 86' lang='lat' dir='ltr'>tributos</span> <span class='ocrx_word' id='word_1_44' title='bbox 965 971 1137 1034; x_wconf 84' lang='lat' dir='ltr'>aGeranlo</span> <span class='ocrx_word' id='word_1_45' title='bbox 1146 969 1267 1043; x_wconf 82' lang='lat' dir='ltr'>vossio,</span> <span class='ocrx_word' id='word_1_46' title='bbox 1277 967 1345 1050; x_wconf 89' lang='lat' dir='ltr'>jam</span> 
     </span>
     <span class='ocr_line' id='line_1_7' title="bbox 239 1061 1344 1154; baseline -0.009 -20"><span class='ocrx_word' id='word_1_47' title='bbox 239 1071 404 1152; x_wconf 83' lang='lat' dir='ltr'>Burignius</span> <span class='ocrx_word' id='word_1_48' title='bbox 417 1073 456 1136; x_wconf 88' lang='lat' dir='ltr'>ad</span> <span class='ocrx_word' id='word_1_49' title='bbox 470 1085 592 1154; x_wconf 75' lang='lat' dir='ltr'>petram</span> <span class='ocrx_word' id='word_1_50' title='bbox 606 1071 674 1154; x_wconf 88' lang='lat' dir='ltr'>ejus</span> <span class='ocrx_word' id='word_1_51' title='bbox 688 1071 916 1153; x_wconf 75' lang='lat' dir='ltr'>cognominem,</span> <span class='ocrx_word' id='word_1_52' title='bbox 928 1069 981 1150; x_wconf 88' lang='lat' dir='ltr'>qui</span> <span class='ocrx_word' id='word_1_53' title='bbox 994 1087 1092 1130; x_wconf 88' lang='lat' dir='ltr'>annos</span> <span class='ocrx_word' id='word_1_54' title='bbox 1102 1069 1156 1130; x_wconf 86' lang='lat' dir='ltr'>LV</span> <span class='ocrx_word' id='word_1_55' title='bbox 1167 1085 1265 1146; x_wconf 81' lang='lat' dir='ltr'>augur</span> <span class='ocrx_word' id='word_1_56' title='bbox 1274 1061 1344 1139; x_wconf 86' lang='lat' dir='ltr'>luit,</span> 
     </span>
    </p>
   </div>
   <div class='ocr_carea' id='block_1_4' title="bbox 27 1159 1346 1247">
    <p class='ocr_par' dir='ltr' id='par_1_4' title="bbox 27 1159 1346 1247">
     <span class='ocr_line' id='line_1_8' title="bbox 27 1159 1346 1247; baseline -0.005 -16"><span class='ocrx_word' id='word_1_57' title='bbox 27 1190 29 1200; x_wconf 71' lang='grc'>’</span> <span class='ocrx_word' id='word_1_58' title='bbox 122 1217 124 1223; x_wconf 92' lang='grc'>.</span> <span class='ocrx_word' id='word_1_59' title='bbox 239 1181 327 1232; x_wconf 84' lang='lat' dir='ltr'>recte</span> <span class='ocrx_word' id='word_1_60' title='bbox 340 1169 418 1232; x_wconf 83' lang='lat' dir='ltr'>vidit</span> <span class='ocrx_word' id='word_1_61' title='bbox 427 1169 616 1232; x_wconf 78' lang='lat' dir='ltr'>referendos</span> <span class='ocrx_word' id='word_1_62' title='bbox 633 1170 696 1233; x_wconf 90' lang='lat' dir='ltr'>Sed</span> <span class='ocrx_word' id='word_1_63' title='bbox 707 1168 823 1232; x_wconf 85' lang='lat' dir='ltr'>studuit</span> <span class='ocrx_word' id='word_1_64' title='bbox 835 1165 929 1230; x_wconf 88' lang='lat' dir='ltr'>etiam</span> <span class='ocrx_word' id='word_1_65' title='bbox 946 1165 1046 1247; x_wconf 87' lang='lat' dir='ltr'>poetis</span> <span class='ocrx_word' id='word_1_66' title='bbox 1061 1185 1098 1227; x_wconf 88' lang='lat' dir='ltr'>ea</span> <span class='ocrx_word' id='word_1_67' title='bbox 1112 1159 1346 1226; x_wconf 76' lang='lat' dir='ltr'>montenobilio·</span> 
     </span>
    </p>
   </div>
   <div class='ocr_carea' id='block_1_5' title="bbox 197 1261 1351 4218">
    <p class='ocr_par' dir='ltr' id='par_1_5' title="bbox 197 1261 1351 4218">
     <span class='ocr_line' id='line_1_9' title="bbox 239 1261 1344 1346; baseline -0.009 -12"><span class='ocrx_word' id='word_1_68' title='bbox 239 1271 327 1334; x_wconf 88' lang='lat' dir='ltr'>ribus</span> <span class='ocrx_word' id='word_1_69' title='bbox 341 1271 495 1334; x_wconf 86' lang='lat' dir='ltr'>omnibus.</span> <span class='ocrx_word' id='word_1_70' title='bbox 519 1269 686 1332; x_wconf 83' lang='lat' dir='ltr'>Jactautiae</span> <span class='ocrx_word' id='word_1_71' title='bbox 698 1289 773 1330; x_wconf 87' lang='lat' dir='ltr'>sane</span> <span class='ocrx_word' id='word_1_72' title='bbox 785 1267 949 1330; x_wconf 81' lang='lat' dir='ltr'>Ovidianae</span> <span class='ocrx_word' id='word_1_73' title='bbox 967 1263 1083 1346; x_wconf 88' lang='lat' dir='ltr'>aliquid</span> <span class='ocrx_word' id='word_1_74' title='bbox 1098 1265 1173 1328; x_wconf 89' lang='lat' dir='ltr'>licet</span> <span class='ocrx_word' id='word_1_75' title='bbox 1191 1261 1344 1337; x_wconf 88' lang='lat' dir='ltr'>tribuere,</span> 
     </span>
     <span class='ocr_line' id='line_1_10' title="bbox 240 1359 1348 1448; baseline -0.005 -20"><span class='ocrx_word' id='word_1_76' title='bbox 240 1365 294 1448; x_wconf 92' lang='lat' dir='ltr'>qui</span> <span class='ocrx_word' id='word_1_77' title='bbox 308 1368 353 1429; x_wconf 83' lang='lat' dir='ltr'>Ex</span> <span class='ocrx_word' id='word_1_78' title='bbox 367 1369 459 1428; x_wconf 88' lang='lat' dir='ltr'>Pont.</span> <span class='ocrx_word' id='word_1_79' title='bbox 471 1368 498 1442; x_wconf 93' lang='lat'>1,</span> <span class='ocrx_word' id='word_1_80' title='bbox 511 1367 542 1440; x_wconf 83' lang='lat'>7,</span> <span class='ocrx_word' id='word_1_81' title='bbox 556 1366 608 1438; x_wconf 83' lang='lat'>27,</span> <span class='ocrx_word' id='word_1_82' title='bbox 626 1383 682 1426; x_wconf 87' lang='lat' dir='ltr'>sua</span> <span class='ocrx_word' id='word_1_83' title='bbox 696 1365 770 1426; x_wconf 88' lang='lat' dir='ltr'>olim</span> <span class='ocrx_word' id='word_1_84' title='bbox 783 1362 885 1424; x_wconf 89' lang='lat' dir='ltr'>studia</span> <span class='ocrx_word' id='word_1_85' title='bbox 899 1361 1058 1422; x_wconf 84' lang='lat' dir='ltr'>allessala</span> <span class='ocrx_word' id='word_1_86' title='bbox 1073 1375 1159 1424; x_wconf 82' lang='lat' dir='ltr'>recta</span> <span class='ocrx_word' id='word_1_87' title='bbox 1174 1359 1266 1422; x_wconf 86' lang='lat' dir='ltr'>luisse</span> <span class='ocrx_word' id='word_1_88' title='bbox 1277 1379 1348 1442; x_wconf 90' lang='lat' dir='ltr'>pro·</span> 
     </span>
     <span class='ocr_line' id='line_1_11' title="bbox 241 1455 1348 1536; baseline -0.007 -10"><span class='ocrx_word' id='word_1_89' title='bbox 241 1464 381 1536; x_wconf 64' lang='lat' dir='ltr'>nuntiam</span> <span class='ocrx_word' id='word_1_90' title='bbox 406 1463 458 1524; x_wconf 89' lang='lat' dir='ltr'>sed</span> <span class='ocrx_word' id='word_1_91' title='bbox 481 1481 544 1522; x_wconf 88' lang='lat' dir='ltr'>non</span> <span class='ocrx_word' id='word_1_92' title='bbox 566 1459 706 1522; x_wconf 82' lang='lat' dir='ltr'><strong>absimile</strong></span> <span class='ocrx_word' id='word_1_93' title='bbox 721 1459 789 1521; x_wconf 91' lang='lat' dir='ltr'>veri</span> <span class='ocrx_word' id='word_1_94' title='bbox 808 1469 866 1533; x_wconf 88' lang='lat' dir='ltr'>est,</span> <span class='ocrx_word' id='word_1_95' title='bbox 891 1455 1047 1518; x_wconf 87' lang='lat' dir='ltr'>nascentis</span> <span class='ocrx_word' id='word_1_96' title='bbox 1066 1455 1187 1534; x_wconf 83' lang='lat' dir='ltr'>ingenii</span> <span class='ocrx_word' id='word_1_97' title='bbox 1208 1459 1348 1519; x_wconf 85' lang='lat' dir='ltr'>nondum</span> 
     </span>
     <span class='ocr_line' id='line_1_12' title="bbox 240 1541 1345 1635; baseline -0.006 -12"><span class='ocrx_word' id='word_1_98' title='bbox 240 1559 368 1623; x_wconf 89' lang='lat' dir='ltr'>nimium</span> <span class='ocrx_word' id='word_1_99' title='bbox 394 1556 578 1620; x_wconf 78' lang='lat' dir='ltr'>luxuriantis</span> <span class='ocrx_word' id='word_1_100' title='bbox 606 1541 696 1620; x_wconf 77' lang='lat' dir='ltr'>lmtus</span> <span class='ocrx_word' id='word_1_101' title='bbox 723 1573 837 1633; x_wconf 80' lang='lat' dir='ltr'>magno</span> <span class='ocrx_word' id='word_1_102' title='bbox 859 1553 930 1616; x_wconf 83' lang='lat' dir='ltr'>viro</span> <span class='ocrx_word' id='word_1_103' title='bbox 955 1572 1038 1618; x_wconf 79' lang='lat' dir='ltr'>curte</span> <span class='ocrx_word' id='word_1_104' title='bbox 1064 1553 1214 1635; x_wconf 82' lang='lat' dir='ltr'><strong>cordique</strong></span> <span class='ocrx_word' id='word_1_105' title='bbox 1239 1555 1345 1618; x_wconf 88' lang='lat' dir='ltr'>luisse.</span> 
     </span>
     <span class='ocr_line' id='line_1_13' title="bbox 239 1653 1350 1740; baseline -0.004 -18"><span class='ocrx_word' id='word_1_106' title='bbox 239 1659 401 1722; x_wconf 74' lang='lat' dir='ltr'><strong>Horatium</strong></span> <span class='ocrx_word' id='word_1_107' title='bbox 420 1671 452 1721; x_wconf 87' lang='lat' dir='ltr'>et</span> <span class='ocrx_word' id='word_1_108' title='bbox 467 1658 632 1738; x_wconf 79' lang='lat' dir='ltr'>Virgilium</span> <span class='ocrx_word' id='word_1_109' title='bbox 650 1657 760 1740; x_wconf 86' lang='lat' dir='ltr'>saepius</span> <span class='ocrx_word' id='word_1_110' title='bbox 779 1656 845 1739; x_wconf 84' lang='lat' dir='ltr'>ejus</span> <span class='ocrx_word' id='word_1_111' title='bbox 863 1656 1014 1718; x_wconf 86' lang='lat' dir='ltr'>virtutum</span> <span class='ocrx_word' id='word_1_112' title='bbox 1035 1655 1219 1736; x_wconf 85' lang='lat' dir='ltr'>laudumque</span> <span class='ocrx_word' id='word_1_113' title='bbox 1239 1653 1350 1718; x_wconf 83' lang='lat' dir='ltr'>menri·</span> 
     </span>
     <span class='ocr_line' id='line_1_14' title="bbox 239 1753 1349 1837; baseline -0.002 -19"><span class='ocrx_word' id='word_1_114' title='bbox 239 1757 322 1818; x_wconf 82' lang='lat' dir='ltr'>nisse</span> <span class='ocrx_word' id='word_1_115' title='bbox 343 1776 433 1818; x_wconf 89' lang='lat' dir='ltr'>nemo</span> <span class='ocrx_word' id='word_1_116' title='bbox 454 1757 592 1834; x_wconf 74' lang='lat' dir='ltr'>ignorat,</span> <span class='ocrx_word' id='word_1_117' title='bbox 615 1753 754 1837; x_wconf 83' lang='lat' dir='ltr'>quamvis</span> <span class='ocrx_word' id='word_1_118' title='bbox 774 1767 905 1836; x_wconf 81' lang='lat' dir='ltr'>uterque</span> <span class='ocrx_word' id='word_1_119' title='bbox 927 1753 1089 1815; x_wconf 80' lang='lat' dir='ltr'>lrlmceuati</span> <span class='ocrx_word' id='word_1_120' title='bbox 1112 1753 1205 1814; x_wconf 88' lang='lat' dir='ltr'>nimis</span> <span class='ocrx_word' id='word_1_121' title='bbox 1226 1753 1349 1816; x_wconf 78' lang='lat' dir='ltr'>deditus</span> 
     </span>
     <span class='ocr_line' id='line_1_15' title="bbox 239 1849 1348 1937; baseline 0.001 -23"><span class='ocrx_word' id='word_1_122' title='bbox 239 1854 345 1930; x_wconf 86' lang='lat' dir='ltr'>luerit,</span> <span class='ocrx_word' id='word_1_123' title='bbox 362 1874 433 1916; x_wconf 91' lang='lat' dir='ltr'>cum</span> <span class='ocrx_word' id='word_1_124' title='bbox 447 1872 510 1937; x_wconf 91' lang='lat' dir='ltr'>quo</span> <span class='ocrx_word' id='word_1_125' title='bbox 526 1851 716 1918; x_wconf 89' lang='lat' dir='ltr'>commercia</span> <span class='ocrx_word' id='word_1_126' title='bbox 730 1854 893 1935; x_wconf 88' lang='lat' dir='ltr'>quominus</span> <span class='ocrx_word' id='word_1_127' title='bbox 905 1852 1052 1914; x_wconf 86' lang='lat' dir='ltr'>miseeret</span> <span class='ocrx_word' id='word_1_128' title='bbox 1065 1849 1208 1925; x_wconf 80' lang='lat' dir='ltr'><strong>Messala,</strong></span> <span class='ocrx_word' id='word_1_129' title='bbox 1219 1869 1348 1932; x_wconf 88' lang='lat' dir='ltr'>prorsus</span> 
     </span>
     <span class='ocr_line' id='line_1_16' title="bbox 240 1950 1346 2037; baseline -0.002 -18"><span class='ocrx_word' id='word_1_130' title='bbox 240 1957 397 2019; x_wconf 83' lang='lat' dir='ltr'>diversum</span> <span class='ocrx_word' id='word_1_131' title='bbox 410 1956 566 2020; x_wconf 80' lang='lat' dir='ltr'>sentiendi</span> <span class='ocrx_word' id='word_1_132' title='bbox 580 1955 764 2036; x_wconf 84' lang='lat' dir='ltr'>vivendique</span> <span class='ocrx_word' id='word_1_133' title='bbox 778 1975 876 2034; x_wconf 85' lang='lat' dir='ltr'>genus</span> <span class='ocrx_word' id='word_1_134' title='bbox 890 1953 1088 2037; x_wconf 86' lang='lat' dir='ltr'>prohibebat.</span> <span class='ocrx_word' id='word_1_135' title='bbox 1105 1951 1232 2015; x_wconf 83' lang='lat' dir='ltr'>Albium</span> <span class='ocrx_word' id='word_1_136' title='bbox 1241 1950 1346 2017; x_wconf 90' lang='lat' dir='ltr'>Tibul·</span> 
     </span>
     <span class='ocr_line' id='line_1_17' title="bbox 240 2049 1345 2134; baseline -0.005 -16"><span class='ocrx_word' id='word_1_137' title='bbox 240 2055 316 2126; x_wconf 89' lang='lat' dir='ltr'>lum,</span> <span class='ocrx_word' id='word_1_138' title='bbox 325 2051 473 2133; x_wconf 83' lang='lat' dir='ltr'>juvenem</span> <span class='ocrx_word' id='word_1_139' title='bbox 482 2052 567 2116; x_wconf 88' lang='lat' dir='ltr'>iuter</span> <span class='ocrx_word' id='word_1_140' title='bbox 578 2055 734 2116; x_wconf 86' lang='lat' dir='ltr'>Romanos</span> <span class='ocrx_word' id='word_1_141' title='bbox 744 2065 850 2134; x_wconf 89' lang='lat' dir='ltr'>poetas</span> <span class='ocrx_word' id='word_1_142' title='bbox 859 2053 942 2115; x_wconf 84' lang='lat' dir='ltr'>haud</span> <span class='ocrx_word' id='word_1_143' title='bbox 951 2051 1044 2114; x_wconf 84' lang='lat' dir='ltr'>dubie</span> <span class='ocrx_word' id='word_1_144' title='bbox 1054 2049 1345 2129; x_wconf 82' lang='lat' dir='ltr'>ingeniosissimum,</span> 
     </span>
     <span class='ocr_line' id='line_1_18' title="bbox 204 2148 1349 2233; baseline 0 -21"><span class='ocrx_word' id='word_1_145' title='bbox 204 2201 209 2206; x_wconf 90' lang='lat'>.</span> <span class='ocrx_word' id='word_1_146' title='bbox 241 2153 276 2212; x_wconf 90' lang='lat' dir='ltr'>in</span> <span class='ocrx_word' id='word_1_147' title='bbox 288 2150 355 2232; x_wconf 86' lang='lat' dir='ltr'>ejus</span> <span class='ocrx_word' id='word_1_148' title='bbox 369 2152 497 2214; x_wconf 79' lang='lat' dir='ltr'>cohorte</span> <span class='ocrx_word' id='word_1_149' title='bbox 509 2151 616 2226; x_wconf 81' lang='lat' dir='ltr'>fuisse,</span> <span class='ocrx_word' id='word_1_150' title='bbox 630 2171 810 2233; x_wconf 87' lang='lat' dir='ltr'>summaque</span> <span class='ocrx_word' id='word_1_151' title='bbox 823 2169 893 2214; x_wconf 89' lang='lat' dir='ltr'>eum</span> <span class='ocrx_word' id='word_1_152' title='bbox 907 2148 1107 2214; x_wconf 79' lang='lat' dir='ltr'>observantia</span> <span class='ocrx_word' id='word_1_153' title='bbox 1122 2148 1264 2223; x_wconf 86' lang='lat' dir='ltr'>coluisse,</span> <span class='ocrx_word' id='word_1_154' title='bbox 1280 2167 1349 2212; x_wconf 81' lang='lat' dir='ltr'>oar·</span> 
     </span>
     <span class='ocr_line' id='line_1_19' title="bbox 225 2237 1350 2336; baseline -0.002 -22"><span class='ocrx_word' id='word_1_155' title='bbox 225 2253 329 2314; x_wconf 84' lang='lat' dir='ltr'>¹mina</span> <span class='ocrx_word' id='word_1_156' title='bbox 339 2253 515 2316; x_wconf 86' lang='lat' dir='ltr'>testimonio</span> <span class='ocrx_word' id='word_1_157' title='bbox 525 2265 609 2314; x_wconf 90' lang='lat' dir='ltr'>sunt.</span> <span class='ocrx_word' id='word_1_158' title='bbox 625 2237 711 2336; x_wconf 82' lang='lat' dir='ltr'>Quin</span> <span class='ocrx_word' id='word_1_159' title='bbox 721 2250 817 2315; x_wconf 87' lang='lat' dir='ltr'>etiam</span> <span class='ocrx_word' id='word_1_160' title='bbox 827 2253 1062 2336; x_wconf 82' lang='lat' dir='ltr'>panegyricum,</span> <span class='ocrx_word' id='word_1_161' title='bbox 1075 2251 1114 2313; x_wconf 87' lang='lat' dir='ltr'>de</span> <span class='ocrx_word' id='word_1_162' title='bbox 1124 2249 1212 2332; x_wconf 88' lang='lat' dir='ltr'>cujus</span> <span class='ocrx_word' id='word_1_163' title='bbox 1224 2265 1350 2312; x_wconf 90' lang='lat' dir='ltr'>auctore</span> 
     </span>
     <span class='ocr_line' id='line_1_20' title="bbox 242 2345 1349 2432; baseline -0.002 -23"><span class='ocrx_word' id='word_1_164' title='bbox 242 2347 414 2423; x_wconf 83' lang='lat' dir='ltr'>dubitatur,</span> <span class='ocrx_word' id='word_1_165' title='bbox 426 2349 542 2413; x_wconf 81' lang='lat' dir='ltr'>Tibulli</span> <span class='ocrx_word' id='word_1_166' title='bbox 552 2368 629 2426; x_wconf 84' lang='lat' dir='ltr'>esse,</span> <span class='ocrx_word' id='word_1_167' title='bbox 644 2370 682 2412; x_wconf 85' lang='lat' dir='ltr'>ex</span> <span class='ocrx_word' id='word_1_168' title='bbox 692 2351 782 2432; x_wconf 87' lang='lat' dir='ltr'>hujus</span> <span class='ocrx_word' id='word_1_169' title='bbox 791 2346 917 2430; x_wconf 82' lang='lat' dir='ltr'>ingenio</span> <span class='ocrx_word' id='word_1_170' title='bbox 926 2345 1097 2413; x_wconf 82' lang='lat' dir='ltr'>verisimile</span> <span class='ocrx_word' id='word_1_171' title='bbox 1107 2348 1227 2412; x_wconf 83' lang='lat' dir='ltr'>ostendi</span> <span class='ocrx_word' id='word_1_172' title='bbox 1236 2359 1349 2429; x_wconf 86' lang='lat' dir='ltr'>potest.</span> 
     </span>
     <span class='ocr_line' id='line_1_21' title="bbox 243 2437 1351 2532; baseline -0.001 -25"><span class='ocrx_word' id='word_1_173' title='bbox 243 2446 318 2508; x_wconf 91' lang='lat' dir='ltr'>Tale</span> <span class='ocrx_word' id='word_1_174' title='bbox 333 2447 418 2508; x_wconf 89' lang='lat' dir='ltr'>enim</span> <span class='ocrx_word' id='word_1_175' title='bbox 431 2437 528 2526; x_wconf 81' lang='lat' dir='ltr'>genus</span> <span class='ocrx_word' id='word_1_176' title='bbox 542 2446 691 2509; x_wconf 83' lang='lat' dir='ltr'>carminis</span> <span class='ocrx_word' id='word_1_177' title='bbox 705 2446 744 2510; x_wconf 87' lang='lat' dir='ltr'>ab</span> <span class='ocrx_word' id='word_1_178' title='bbox 758 2446 824 2532; x_wconf 87' lang='lat' dir='ltr'>ejus</span> <span class='ocrx_word' id='word_1_179' title='bbox 838 2446 951 2509; x_wconf 84' lang='lat' dir='ltr'>uatnra</span> <span class='ocrx_word' id='word_1_180' title='bbox 961 2465 1089 2528; x_wconf 88' lang='lat' dir='ltr'>prorsus</span> <span class='ocrx_word' id='word_1_181' title='bbox 1097 2445 1234 2508; x_wconf 88' lang='lat' dir='ltr'>alienum</span> <span class='ocrx_word' id='word_1_182' title='bbox 1247 2444 1351 2506; x_wconf 86' lang='lat' dir='ltr'>videri</span> 
     </span>
     <span class='ocr_line' id='line_1_22' title="bbox 244 2537 1349 2626; baseline -0.002 -22"><span class='ocrx_word' id='word_1_183' title='bbox 244 2541 348 2616; x_wconf 78' lang='lat' dir='ltr'>tebet,</span> <span class='ocrx_word' id='word_1_184' title='bbox 371 2542 538 2626; x_wconf 87' lang='lat' dir='ltr'>sireliqua</span> <span class='ocrx_word' id='word_1_185' title='bbox 556 2556 700 2625; x_wconf 86' lang='lat' dir='ltr'>poemata</span> <span class='ocrx_word' id='word_1_186' title='bbox 722 2544 915 2622; x_wconf 85' lang='lat' dir='ltr'>consideres3</span> <span class='ocrx_word' id='word_1_187' title='bbox 940 2562 1047 2624; x_wconf 91' lang='lat' dir='ltr'>quare,</span> <span class='ocrx_word' id='word_1_188' title='bbox 1073 2563 1142 2604; x_wconf 91' lang='lat' dir='ltr'>cum</span> <span class='ocrx_word' id='word_1_189' title='bbox 1165 2537 1349 2604; x_wconf 81' lang='lat' dir='ltr'>necessitate</span> 
     </span>
     <span class='ocr_line' id='line_1_23' title="bbox 245 2642 1348 2726; baseline -0.005 -18"><span class='ocrx_word' id='word_1_190' title='bbox 245 2644 348 2726; x_wconf 89' lang='lat' dir='ltr'>aliqua</span> <span class='ocrx_word' id='word_1_191' title='bbox 368 2646 408 2706; x_wconf 82' lang='lat' dir='ltr'>ad</span> <span class='ocrx_word' id='word_1_192' title='bbox 430 2665 581 2710; x_wconf 87' lang='lat' dir='ltr'>summum</span> <span class='ocrx_word' id='word_1_193' title='bbox 599 2645 702 2710; x_wconf 73' lang='lat' dir='ltr'>virum</span> <span class='ocrx_word' id='word_1_194' title='bbox 722 2646 909 2710; x_wconf 88' lang='lat' dir='ltr'>laudandum</span> <span class='ocrx_word' id='word_1_195' title='bbox 929 2663 995 2708; x_wconf 86' lang='lat' dir='ltr'>sese</span> <span class='ocrx_word' id='word_1_196' title='bbox 1016 2645 1207 2724; x_wconf 85' lang='lat' dir='ltr'>accingeret,</span> <span class='ocrx_word' id='word_1_197' title='bbox 1229 2642 1348 2704; x_wconf 84' lang='lat' dir='ltr'>debiles</span> 
     </span>
     <span class='ocr_line' id='line_1_24' title="bbox 243 2739 1347 2833; baseline -0.002 -25"><span class='ocrx_word' id='word_1_198' title='bbox 243 2767 351 2809; x_wconf 88' lang='lat' dir='ltr'>sensus</span> <span class='ocrx_word' id='word_1_199' title='bbox 370 2761 403 2810; x_wconf 90' lang='lat' dir='ltr'>et</span> <span class='ocrx_word' id='word_1_200' title='bbox 420 2748 550 2826; x_wconf 80' lang='lat' dir='ltr'>[rigidos</span> <span class='ocrx_word' id='word_1_201' title='bbox 563 2748 666 2810; x_wconf 77' lang='lat' dir='ltr'>vitare</span> <span class='ocrx_word' id='word_1_202' title='bbox 688 2767 752 2810; x_wconf 88' lang='lat' dir='ltr'>nou</span> <span class='ocrx_word' id='word_1_203' title='bbox 771 2744 882 2830; x_wconf 88' lang='lat' dir='ltr'>potuit.</span> <span class='ocrx_word' id='word_1_204' title='bbox 904 2739 990 2833; x_wconf 82' lang='lat' dir='ltr'>[Alia</span> <span class='ocrx_word' id='word_1_205' title='bbox 1003 2745 1077 2808; x_wconf 88' lang='lat' dir='ltr'>hinc</span> <span class='ocrx_word' id='word_1_206' title='bbox 1091 2745 1263 2807; x_wconf 78' lang='lat' dir='ltr'>ellecerunt</span> <span class='ocrx_word' id='word_1_207' title='bbox 1277 2763 1347 2806; x_wconf 87' lang='lat' dir='ltr'>cum</span> 
     </span>
     <span class='ocr_line' id='line_1_25' title="bbox 243 2836 1348 2930; baseline -0.004 -24"><span class='ocrx_word' id='word_1_208' title='bbox 243 2845 297 2906; x_wconf 85' lang='lat' dir='ltr'>alii</span> <span class='ocrx_word' id='word_1_209' title='bbox 307 2857 374 2906; x_wconf 90' lang='lat' dir='ltr'>tum</span> <span class='ocrx_word' id='word_1_210' title='bbox 387 2845 536 2908; x_wconf 89' lang='lat' dir='ltr'>Dissenus</span> <span class='ocrx_word' id='word_1_211' title='bbox 550 2845 584 2906; x_wconf 91' lang='lat' dir='ltr'>in</span> <span class='ocrx_word' id='word_1_212' title='bbox 598 2847 648 2906; x_wconf 87' lang='lat' dir='ltr'>ed.</span> <span class='ocrx_word' id='word_1_213' title='bbox 660 2845 788 2918; x_wconf 91' lang='lat' dir='ltr'>Tibulli,</span> <span class='ocrx_word' id='word_1_214' title='bbox 803 2845 866 2906; x_wconf 86' lang='lat' dir='ltr'>vol.</span> <span class='ocrx_word' id='word_1_215' title='bbox 894 2846 939 2918; x_wconf 92' lang='lat' dir='ltr'>ll,</span> <span class='ocrx_word' id='word_1_216' title='bbox 951 2862 984 2924; x_wconf 88' lang='lat' dir='ltr'>p.</span> <span class='ocrx_word' id='word_1_217' title='bbox 1000 2843 1059 2904; x_wconf 82' lang='lat'>387</span> <span class='ocrx_word' id='word_1_218' title='bbox 1071 2836 1155 2930; x_wconf 88' lang='lat' dir='ltr'><strong>sqq.]</strong></span> <span class='ocrx_word' id='word_1_219' title='bbox 1180 2843 1229 2903; x_wconf 89' lang='lat' dir='ltr'>Dc</span> <span class='ocrx_word' id='word_1_220' title='bbox 1247 2841 1348 2922; x_wconf 83' lang='lat' dir='ltr'>ignoti</span> 
     </span>
     <span class='ocr_line' id='line_1_26' title="bbox 245 2937 1348 3021; baseline -0.002 -19"><span class='ocrx_word' id='word_1_221' title='bbox 245 2942 380 3006; x_wconf 87' lang='lat' dir='ltr'>auctoris</span> <span class='ocrx_word' id='word_1_222' title='bbox 401 2941 499 3020; x_wconf 81' lang='lat' dir='ltr'>elegia</span> <span class='ocrx_word' id='word_1_223' title='bbox 514 2942 554 3002; x_wconf 83' lang='lat' dir='ltr'>ad</span> <span class='ocrx_word' id='word_1_224' title='bbox 568 2939 729 3002; x_wconf 83' lang='lat' dir='ltr'>Messalam</span> <span class='ocrx_word' id='word_1_225' title='bbox 745 2939 816 3000; x_wconf 86' lang='lat' dir='ltr'>vide</span> <span class='ocrx_word' id='word_1_226' title='bbox 839 2957 906 3020; x_wconf 77' lang='lat' dir='ltr'>que</span> <span class='ocrx_word' id='word_1_227' title='bbox 920 2937 1116 3001; x_wconf 78' lang='lat' dir='ltr'>Wernsrlorl.</span> <span class='ocrx_word' id='word_1_228' title='bbox 1139 2939 1161 2998; x_wconf 90' lang='lat' dir='ltr'>l.</span> <span class='ocrx_word' id='word_1_229' title='bbox 1184 2957 1214 2999; x_wconf 91' lang='lat' dir='ltr'>c.</span> <span class='ocrx_word' id='word_1_230' title='bbox 1234 2959 1267 3021; x_wconf 89' lang='lat' dir='ltr'>p.</span> <span class='ocrx_word' id='word_1_231' title='bbox 1289 2938 1348 3000; x_wconf 90' lang='lat'>118</span> 
     </span>
     <span class='ocr_line' id='line_1_27' title="bbox 249 3033 1348 3132; baseline -0.003 -30"><span class='ocrx_word' id='word_1_232' title='bbox 249 3037 324 3132; x_wconf 85' lang='lat' dir='ltr'>[vol.</span> <span class='ocrx_word' id='word_1_233' title='bbox 345 3042 390 3112; x_wconf 89' lang='lat'>11,</span> <span class='ocrx_word' id='word_1_234' title='bbox 410 3061 442 3122; x_wconf 86' lang='lat' dir='ltr'>p.</span> <span class='ocrx_word' id='word_1_235' title='bbox 464 3033 815 3126; x_wconf 62' lang='lat' dir='ltr'>rumpotinus]</span> <span class='ocrx_word' id='word_1_236' title='bbox 838 3037 1019 3112; x_wconf 81' lang='lat' dir='ltr'>adnotarit3</span> <span class='ocrx_word' id='word_1_237' title='bbox 1046 3050 1078 3099; x_wconf 90' lang='lat' dir='ltr'>et</span> <span class='ocrx_word' id='word_1_238' title='bbox 1096 3039 1135 3100; x_wconf 78' lang='lat' dir='ltr'>tle</span> <span class='ocrx_word' id='word_1_239' title='bbox 1156 3035 1224 3100; x_wconf 88' lang='lat' dir='ltr'>Ciri</span> <span class='ocrx_word' id='word_1_240' title='bbox 1246 3039 1348 3104; x_wconf 90' lang='lat' dir='ltr'>eidem</span> 
     </span>
     <span class='ocr_line' id='line_1_28' title="bbox 245 3133 1349 3219; baseline -0.002 -17"><span class='ocrx_word' id='word_1_241' title='bbox 245 3137 534 3202; x_wconf 83' lang='lat' dir='ltr'>dedicatal&#39;ossium</span> <span class='ocrx_word' id='word_1_242' title='bbox 545 3133 680 3215; x_wconf 82' lang='lat' dir='ltr'>adVirg.</span> <span class='ocrx_word' id='word_1_243' title='bbox 692 3136 758 3199; x_wconf 91' lang='lat' dir='ltr'>Ecl.</span> <span class='ocrx_word' id='word_1_244' title='bbox 769 3138 825 3212; x_wconf 90' lang='lat' dir='ltr'>Vl,</span> <span class='ocrx_word' id='word_1_245' title='bbox 837 3137 889 3218; x_wconf 87' lang='lat' dir='ltr'>qui</span> <span class='ocrx_word' id='word_1_246' title='bbox 900 3136 1133 3202; x_wconf 85' lang='lat' dir='ltr'>CorneliiGalli</span> <span class='ocrx_word' id='word_1_247' title='bbox 1143 3137 1268 3219; x_wconf 78' lang='lat' dir='ltr'>aequalis</span> <span class='ocrx_word' id='word_1_248' title='bbox 1282 3157 1349 3200; x_wconf 87' lang='lat' dir='ltr'>esse</span> 
     </span>
     <span class='ocr_line' id='line_1_29' title="bbox 245 3236 1348 3323; baseline -0.003 -22"><span class='ocrx_word' id='word_1_249' title='bbox 245 3252 352 3323; x_wconf 85' lang='lat' dir='ltr'>putat3</span> <span class='ocrx_word' id='word_1_250' title='bbox 368 3251 401 3301; x_wconf 90' lang='lat' dir='ltr'>et</span> <span class='ocrx_word' id='word_1_251' title='bbox 413 3237 501 3319; x_wconf 83' lang='lat' dir='ltr'>cujus</span> <span class='ocrx_word' id='word_1_252' title='bbox 511 3237 677 3320; x_wconf 82' lang='lat' dir='ltr'>disputatio</span> <span class='ocrx_word' id='word_1_253' title='bbox 689 3236 841 3319; x_wconf 89' lang='lat' dir='ltr'>copiosior</span> <span class='ocrx_word' id='word_1_254' title='bbox 851 3250 898 3300; x_wconf 89' lang='lat' dir='ltr'>est</span> <span class='ocrx_word' id='word_1_255' title='bbox 912 3250 944 3300; x_wconf 88' lang='lat' dir='ltr'>et</span> <span class='ocrx_word' id='word_1_256' title='bbox 958 3239 1056 3318; x_wconf 81' lang='lat' dir='ltr'>magis</span> <span class='ocrx_word' id='word_1_257' title='bbox 1069 3239 1107 3300; x_wconf 88' lang='lat' dir='ltr'>ad</span> <span class='ocrx_word' id='word_1_258' title='bbox 1118 3238 1348 3318; x_wconf 83' lang='lat' dir='ltr'>persuasionem</span> 
     </span>
     <span class='ocr_line' id='line_1_30' title="bbox 246 3336 1348 3423; baseline -0.005 -17"><span class='ocrx_word' id='word_1_259' title='bbox 246 3353 329 3423; x_wconf 87' lang='lat' dir='ltr'>apta,</span> <span class='ocrx_word' id='word_1_260' title='bbox 341 3359 432 3420; x_wconf 86' lang='lat' dir='ltr'>quam</span> <span class='ocrx_word' id='word_1_261' title='bbox 448 3359 515 3420; x_wconf 84' lang='lat' dir='ltr'>quae</span> <span class='ocrx_word' id='word_1_262' title='bbox 523 3336 754 3404; x_wconf 85' lang='lat' dir='ltr'>Werusdorlins</span> <span class='ocrx_word' id='word_1_263' title='bbox 767 3339 789 3400; x_wconf 89' lang='lat' dir='ltr'>l.</span> <span class='ocrx_word' id='word_1_264' title='bbox 804 3358 834 3400; x_wconf 89' lang='lat' dir='ltr'>c.</span> <span class='ocrx_word' id='word_1_265' title='bbox 848 3340 962 3406; x_wconf 87' lang='lat' dir='ltr'>attulit.</span> <span class='ocrx_word' id='word_1_266' title='bbox 979 3341 1082 3422; x_wconf 87' lang='lat' dir='ltr'>Ipsum</span> <span class='ocrx_word' id='word_1_267' title='bbox 1092 3339 1254 3400; x_wconf 87' lang='lat' dir='ltr'>Messalam</span> <span class='ocrx_word' id='word_1_268' title='bbox 1265 3357 1348 3400; x_wconf 90' lang='lat' dir='ltr'>ama·</span> 
     </span>
     <span class='ocr_line' id='line_1_31' title="bbox 247 3435 1349 3518; baseline -0.005 -16"><span class='ocrx_word' id='word_1_269' title='bbox 247 3439 328 3502; x_wconf 85' lang='lat' dir='ltr'>toria</span> <span class='ocrx_word' id='word_1_270' title='bbox 338 3435 511 3502; x_wconf 83' lang='lat' dir='ltr'>condidisse</span> <span class='ocrx_word' id='word_1_271' title='bbox 520 3437 713 3498; x_wconf 83' lang='lat' dir='ltr'>inhonorem</span> <span class='ocrx_word' id='word_1_272' title='bbox 723 3435 1349 3518; x_wconf 80' lang='lat' dir='ltr'>nobilisleminaeSulpicias,jurisconsulti</span> 
     </span>
     <span class='ocr_line' id='line_1_32' title="bbox 197 3535 1348 3620; baseline 0 -20"><span class='ocrx_word' id='word_1_273' title='bbox 197 3537 208 3553; x_wconf 83' lang='lat'><strong><em>‘</em></strong></span> <span class='ocrx_word' id='word_1_274' title='bbox 246 3539 330 3602; x_wconf 89' lang='lat' dir='ltr'>illius</span> <span class='ocrx_word' id='word_1_275' title='bbox 347 3539 482 3602; x_wconf 87' lang='lat' dir='ltr'>celebris</span> <span class='ocrx_word' id='word_1_276' title='bbox 498 3535 582 3612; x_wconf 79' lang='lat' dir='ltr'>tiliae,</span> <span class='ocrx_word' id='word_1_277' title='bbox 598 3557 690 3619; x_wconf 84' lang='lat' dir='ltr'>quam</span> <span class='ocrx_word' id='word_1_278' title='bbox 708 3538 782 3600; x_wconf 90' lang='lat' dir='ltr'>olim</span> <span class='ocrx_word' id='word_1_279' title='bbox 797 3538 912 3620; x_wconf 89' lang='lat' dir='ltr'>nuptiis</span> <span class='ocrx_word' id='word_1_280' title='bbox 926 3536 1102 3620; x_wconf 79' lang='lat' dir='ltr'>expetierit,</span> <span class='ocrx_word' id='word_1_281' title='bbox 1116 3537 1348 3602; x_wconf 85' lang='lat' dir='ltr'>Wernsdoriius</span> 
     </span>
     <span class='ocr_line' id='line_1_33' title="bbox 247 3633 1348 3720; baseline 0.001 -22"><span class='ocrx_word' id='word_1_282' title='bbox 247 3639 287 3698; x_wconf 89' lang='lat' dir='ltr'>ad</span> <span class='ocrx_word' id='word_1_283' title='bbox 306 3638 392 3716; x_wconf 82' lang='lat' dir='ltr'>Eleg.</span> <span class='ocrx_word' id='word_1_284' title='bbox 418 3638 457 3699; x_wconf 88' lang='lat' dir='ltr'>ad</span> <span class='ocrx_word' id='word_1_285' title='bbox 477 3638 570 3700; x_wconf 83' lang='lat' dir='ltr'>Mese.</span> <span class='ocrx_word' id='word_1_286' title='bbox 586 3657 618 3698; x_wconf 90' lang='lat' dir='ltr'>v.</span> <span class='ocrx_word' id='word_1_287' title='bbox 635 3637 688 3710; x_wconf 79' lang='lat'>21,</span> <span class='ocrx_word' id='word_1_288' title='bbox 708 3658 740 3719; x_wconf 90' lang='lat' dir='ltr'>p.</span> <span class='ocrx_word' id='word_1_289' title='bbox 761 3635 822 3698; x_wconf 87' lang='grc'>150</span> <span class='ocrx_word' id='word_1_290' title='bbox 842 3635 926 3720; x_wconf 76' lang='lat'>(202)</span> <span class='ocrx_word' id='word_1_291' title='bbox 947 3633 1082 3718; x_wconf 90' lang='lat' dir='ltr'>probare</span> <span class='ocrx_word' id='word_1_292' title='bbox 1101 3638 1235 3712; x_wconf 82' lang='lat' dir='ltr'>studuit3</span> <span class='ocrx_word' id='word_1_293' title='bbox 1259 3637 1348 3698; x_wconf 83' lang='lat' dir='ltr'>nixus</span> 
     </span>
     <span class='ocr_line' id='line_1_34' title="bbox 247 3732 1348 3816; baseline 0.001 -18"><span class='ocrx_word' id='word_1_294' title='bbox 247 3732 324 3799; x_wconf 86' lang='lat' dir='ltr'>loeis</span> <span class='ocrx_word' id='word_1_295' title='bbox 335 3736 451 3800; x_wconf 89' lang='lat' dir='ltr'>Tibulli</span> <span class='ocrx_word' id='word_1_296' title='bbox 463 3736 549 3816; x_wconf 82' lang='lat' dir='ltr'>Eleg.</span> <span class='ocrx_word' id='word_1_297' title='bbox 566 3738 621 3812; x_wconf 92' lang='lat' dir='ltr'>IV,</span> <span class='ocrx_word' id='word_1_298' title='bbox 640 3738 659 3800; x_wconf 83' lang='lat'>8</span> <span class='ocrx_word' id='word_1_299' title='bbox 674 3748 706 3799; x_wconf 88' lang='lat' dir='ltr'>et</span> <span class='ocrx_word' id='word_1_300' title='bbox 720 3735 770 3796; x_wconf 86' lang='lat' dir='ltr'>to.</span> <span class='ocrx_word' id='word_1_301' title='bbox 796 3739 841 3798; x_wconf 89' lang='lat' dir='ltr'>Ea</span> <span class='ocrx_word' id='word_1_302' title='bbox 861 3755 911 3797; x_wconf 87' lang='lat' dir='ltr'>res</span> <span class='ocrx_word' id='word_1_303' title='bbox 930 3733 1000 3796; x_wconf 88' lang='lat' dir='ltr'>aliis</span> <span class='ocrx_word' id='word_1_304' title='bbox 1019 3737 1114 3798; x_wconf 86' lang='lat' dir='ltr'>etiam</span> <span class='ocrx_word' id='word_1_305' title='bbox 1127 3738 1166 3798; x_wconf 89' lang='lat' dir='ltr'>de</span> <span class='ocrx_word' id='word_1_306' title='bbox 1180 3736 1280 3800; x_wconf 85' lang='lat' dir='ltr'>causis</span> <span class='ocrx_word' id='word_1_307' title='bbox 1294 3737 1348 3799; x_wconf 92' lang='lat' dir='ltr'>ob·</span> 
     </span>
     <span class='ocr_line' id='line_1_35' title="bbox 246 3831 1349 3916; baseline 0 -20"><span class='ocrx_word' id='word_1_308' title='bbox 246 3835 423 3898; x_wconf 77' lang='lat' dir='ltr'>servatione</span> <span class='ocrx_word' id='word_1_309' title='bbox 437 3835 531 3914; x_wconf 80' lang='lat' dir='ltr'>digna</span> <span class='ocrx_word' id='word_1_310' title='bbox 545 3847 716 3916; x_wconf 67' lang='lat' dir='ltr'>estusque</span> <span class='ocrx_word' id='word_1_311' title='bbox 731 3845 817 3896; x_wconf 87' lang='lat' dir='ltr'>caret</span> <span class='ocrx_word' id='word_1_312' title='bbox 830 3831 1034 3907; x_wconf 83' lang='lat' dir='ltr'>obscuritate3</span> <span class='ocrx_word' id='word_1_313' title='bbox 1050 3845 1084 3894; x_wconf 89' lang='lat' dir='ltr'>ut</span> <span class='ocrx_word' id='word_1_314' title='bbox 1098 3852 1286 3914; x_wconf 84' lang='lat' dir='ltr'>magnopere</span> <span class='ocrx_word' id='word_1_315' title='bbox 1297 3835 1349 3896; x_wconf 89' lang='lat' dir='ltr'>do·</span> 
     </span>
     <span class='ocr_line' id='line_1_36' title="bbox 248 3934 1348 4019; baseline -0.003 -20"><span class='ocrx_word' id='word_1_316' title='bbox 248 3938 374 4000; x_wconf 87' lang='lat' dir='ltr'>lendum</span> <span class='ocrx_word' id='word_1_317' title='bbox 394 3937 435 3998; x_wconf 90' lang='lat' dir='ltr'>sit</span> <span class='ocrx_word' id='word_1_318' title='bbox 454 3936 741 4019; x_wconf 82' lang='lat' dir='ltr'>praestautimirnum</span> <span class='ocrx_word' id='word_1_319' title='bbox 762 3934 934 4016; x_wconf 87' lang='lat' dir='ltr'>Spobnium</span> <span class='ocrx_word' id='word_1_320' title='bbox 955 3952 1018 3998; x_wconf 88' lang='lat' dir='ltr'>non</span> <span class='ocrx_word' id='word_1_321' title='bbox 1040 3955 1077 4000; x_wconf 89' lang='lat' dir='ltr'>eo</span> <span class='ocrx_word' id='word_1_322' title='bbox 1099 3935 1291 4018; x_wconf 88' lang='lat' dir='ltr'>pervenisse,</span> <span class='ocrx_word' id='word_1_323' title='bbox 1315 3947 1348 3996; x_wconf 90' lang='lat' dir='ltr'>ut</span> 
     </span>
     <span class='ocr_line' id='line_1_37' title="bbox 248 4031 1348 4116; baseline -0.004 -16"><span class='ocrx_word' id='word_1_324' title='bbox 248 4039 360 4100; x_wconf 87' lang='lat' dir='ltr'>borum</span> <span class='ocrx_word' id='word_1_325' title='bbox 376 4047 496 4106; x_wconf 65' lang='lat' dir='ltr'>tubulos</span> <span class='ocrx_word' id='word_1_326' title='bbox 510 4037 670 4100; x_wconf 87' lang='lat' dir='ltr'>historiam</span> <span class='ocrx_word' id='word_1_327' title='bbox 683 4034 866 4116; x_wconf 83' lang='lat' dir='ltr'>explicaret.</span> <span class='ocrx_word' id='word_1_328' title='bbox 890 4037 991 4098; x_wconf 86' lang='lat' dir='ltr'>Mores</span> <span class='ocrx_word' id='word_1_329' title='bbox 1005 4037 1142 4110; x_wconf 75' lang='lat' dir='ltr'>Messalae</span> <span class='ocrx_word' id='word_1_330' title='bbox 1156 4031 1302 4098; x_wconf 87' lang='lat' dir='ltr'>libertate</span> <span class='ocrx_word' id='word_1_331' title='bbox 1317 4049 1348 4098; x_wconf 88' lang='lat' dir='ltr'>et</span> 
     </span>
     <span class='ocr_line' id='line_1_38' title="bbox 251 4121 1348 4218; baseline -0.003 -20"><span class='ocrx_word' id='word_1_332' title='bbox 251 4138 385 4200; x_wconf 89' lang='lat' dir='ltr'>candore</span> <span class='ocrx_word' id='word_1_333' title='bbox 400 4131 559 4217; x_wconf 88' lang='lat' dir='ltr'>conspicui</span> <span class='ocrx_word' id='word_1_334' title='bbox 574 4133 714 4210; x_wconf 80' lang='lat' dir='ltr'>luerunt3</span> <span class='ocrx_word' id='word_1_335' title='bbox 732 4132 844 4218; x_wconf 91' lang='lat' dir='ltr'>quippe</span> <span class='ocrx_word' id='word_1_336' title='bbox 858 4132 911 4214; x_wconf 87' lang='lat' dir='ltr'>qui</span> <span class='ocrx_word' id='word_1_337' title='bbox 924 4121 1071 4197; x_wconf 85' lang='lat' dir='ltr'>Cassium</span> <span class='ocrx_word' id='word_1_338' title='bbox 1081 4153 1168 4195; x_wconf 89' lang='lat' dir='ltr'>suum</span> <span class='ocrx_word' id='word_1_339' title='bbox 1184 4133 1348 4215; x_wconf 88' lang='lat' dir='ltr'>imperato·</span> 
     </span>
    </p>
   </div>
   <div class='ocr_carea' id='block_1_6' title="bbox 0 0 1461 4840">
    <p class='ocr_par' dir='ltr' id='par_1_6' title="bbox 0 0 1461 4840">
     <span class='ocr_line' id='line_1_39' title="bbox 0 0 1461 4840; baseline 0 0"><span class='ocrx_word' id='word_1_340' title='bbox 0 0 1461 4840; x_wconf 95' lang='lat' dir='ltr'> </span> 
     </span>
    </p>
   </div>
  </div>
 </body>
</html>
