2916 4838
650 384 720 456 303

129 533 187 581 est.
210 517 386 583 Gronovius
406 517 438 577 in
455 518 603 578 Favorini
617 518 741 582 nomine
753 517 795 594 P.
810 519 968 600 Augurini
980 518 1080 584 latere
1091 521 1227 602 judicate

129 620 158 682 is
170 620 206 680 P.
221 617 374 687 Minucius
388 617 565 696 Augurinus
577 619 753 686 nonninus
763 617 890 699 ignotus
900 634 949 682 est
960 639 1052 702 quam
1062 622 1236 698 Fauorinus

130 717 206 798 ipse.
237 715 398 777 Postremo
423 710 458 776 iu
481 710 674 781 Salmasiano
698 714 869 800 exemplari
894 717 1005 798 aliquis
1031 716 1172 801 apposuit
1194 743 1234 779 an

131 813 291 876 Favonii?
311 816 452 877 «Nomen
466 815 700 898 proiectobsue
717 832 840 893 notum,
857 819 911 883 sed
933 819 971 880 tle
991 838 1051 899 quo
1066 818 1167 883 nullus
1180 819 1234 882 lir-

132 912 279 981 macerit,
296 925 446 975 ettamen
461 926 628 995 propterea
642 915 792 990 uotubile,
810 916 883 997 quia
897 913 994 984 nich.
1005 918 1184 996 Virdungus
1197 922 1236 982 ad

135 1007 315 1088 Agricolam
326 1010 427 1072 Taciti
439 1011 485 1072 ita
498 1029 626 1092 prorsus
640 1011 758 1084 citat»,
775 1025 810 1074 ut
823 1013 1003 1077 Gronovius
1016 1014 1071 1076 ait.
1088 1017 1190 1097 Atque
1202 1013 1234 1079 in

133 1130 172 1171 ea
187 1108 368 1189 conjectura
386 1110 560 1190 acquiesco,
577 1122 693 1172 mutato
705 1113 853 1173 Favorini
868 1108 994 1174 nomine
1007 1112 1234 1190 inFaeonium,

135 1229 319 1290 quamquam
334 1208 403 1270 leve
418 1221 538 1271 tantum
553 1210 644 1291 hujus
658 1209 816 1295 opinionis
830 1225 1046 1291 argumentum
1061 1233 1111 1274 me
1124 1213 1236 1278 afferre

134 1327 220 1388 posse
234 1306 345 1368 fateor.
368 1307 409 1367 M.
424 1307 563 1371 Licinius
572 1307 701 1372 Crassus
714 1320 747 1371 et
757 1308 819 1371 Cn.
832 1307 996 1392 Pompeius
1009 1311 1138 1390 Magnus
1147 1311 1233 1374 Coss.

135 1409 265 1472 ennoU.
275 1409 336 1472 698
345 1403 430 1468 inter
444 1407 520 1470 alias
530 1409 612 1490 leges
624 1408 847 1495 sumptuariam
857 1428 976 1493 quoque
984 1408 1232 1492 promulgabant,

135 1525 226 1586 qnam
247 1515 349 1568 tamen
371 1505 452 1566 ultro
471 1517 578 1589 postea
597 1505 758 1588 abjecere,
779 1527 849 1568 cum
870 1508 947 1595 aQ.
957 1505 1122 1570 Hortensio
1137 1508 1235 1590 impu-

134 1615 296 1681 gnaretur.
321 1602 395 1664 Eam
412 1603 620 1680 rogationem,
638 1623 705 1685 quae
719 1600 841 1666 Licinia
861 1604 911 1664 lex
931 1600 1081 1686 appellari
1096 1617 1233 1686 poterat,

132 1701 265 1762 suasisse
278 1702 321 1760 M.
335 1700 521 1774 Favonium,
539 1699 698 1761 tribunum
712 1699 814 1780 plebis
827 1697 965 1778 ejusdem
979 1701 1066 1774 anni,
1077 1721 1115 1762 ex
1130 1699 1233 1766 Gellio

133 1816 204 1863 curn
217 1797 318 1877 aliqua
330 1792 560 1878 probabilitatis
572 1795 674 1879 specie
688 1795 848 1875 conjicere
862 1813 1035 1877 possumus.
1053 1798 1085 1857 Is
1099 1810 1145 1858 est
1158 1798 1241 1860 idern
1268 1833 1282 1903 ρ
1290 1828 1335 1900 86

108 1971 111 1978 .
132 1895 299 1965 Favonius,
309 1893 347 1954 de
358 1912 417 1973 quo
426 1891 537 1954 Cicero
548 1893 645 1976 Epist.
656 1895 695 1954 ad
703 1893 843 1955 Atticum
854 1891 897 1964 ll,
909 1885 1238 1974 i'scripsitzFavonius

131 2015 234 2054 mecm
249 1992 361 2054 tribum
375 1993 442 2052 tulit
453 1991 616 2068 honestius,
625 1993 748 2053 Lucceii
757 1993 898 2072 perdidit.
915 1992 1077 2055 Accusavit
1087 1993 1237 2054 Nasicam

132 2094 300 2166 inhoneste,
315 2115 353 2152 uc
368 2093 504 2153 modeste
517 2108 622 2154 tamen
637 2095 731 2166 dixit,
749 2097 790 2152 ita
809 2107 839 2150 at
851 2090 952 2152 Rhodi
971 2093 1130 2154 videretur
1149 2094 1239 2158 molis

131 2201 339 2280 potiusquam
350 2191 467 2257 llloloni
477 2215 605 2274 operum
619 2195 751 2255 dedisse.
769 2197 994 2273 Argumentum
1009 2209 1123 2270 autern,
1133 2197 1167 2258 in
1178 2217 1237 2278 quo

133 2293 272 2368 nitimur,
294 2293 469 2376 suppeditat
483 2293 544 2354 Dio
558 2293 684 2357 Cassius
695 2291 902 2369 munst
921 2315 929 2354 ε
952 2308 985 2359 ὀ
1005 2327 1031 2360 τε
1053 2310 1175 2380 Πομπήϊος
1195 2309 1237 2362 καὶ

132 2397 143 2445 ὁ
158 2394 264 2465 Κράσσος
277 2396 365 2447 baturus
379 2392 536 2462 ἐπεχείρησαν
554 2391 585 2442 τὰ
600 2392 752 2461 ἀναλώματα
771 2394 813 2447 τὴν
828 2389 923 2445 δίαιταν
938 2391 978 2444 ἐπὶ
997 2397 1147 2466 μακρότατον
1161 2416 1237 2467 προσ-

129 2492 224 2563 ηρμένα
238 2491 374 2553 συστεῖλαι,
398 2488 525 2559 satsat<
547 2491 596 2539 πᾶν
616 2485 685 2539 αὐτοὶ
700 2484 742 2537 καὶ
759 2491 847 2556 τρυφῆς
868 2486 910 2538 καὶ
933 2488 1059 2558 ὁβρότατος
1080 2481 1237 2562 προκιχωρη-

133 2587 210 2644 sistr-
226 2586 374 2640 insiliisset
389 2581 417 2637 dl
429 2581 473 2636 ὑπ’
481 2585 555 2636 αὐτοῦ
564 2584 656 2646 τούτου,
665 2587 707 2634 τοῦ
722 2580 928 2652 mesopotami.
940 2583 968 2635 ‘0
976 2583 1024 2656 γὰρ
1035 2583 1156 2655 Ὁρτήσιος
1165 2597 1237 2657 ptiu-

136 2681 240 2740 νάλωτος
253 2681 275 2732 ἰν
289 2682 337 2738 τοῖς
359 2679 465 2750 μάλιστα
486 2681 527 2744 bu,
542 2681 632 2732 ἔπεισιν
655 2679 750 2745 αὐτοὺς,
770 2677 799 2730 ια’
816 2697 849 2730 τι,
861 2680 960 2750 pipios
976 2684 1020 2738 τῆς
1030 2679 1123 2740 πόλιος
1136 2679 1236 2746 διεξιὼν,

136 2780 178 2832 καὶ
195 2779 235 2832 iuri
248 2797 274 2830 τε
288 2783 318 2846 τῇ
331 2776 392 2830 οἶκοι
405 2777 550 2849 αολντιλεὶρι
567 2776 610 2829 καὶ
624 2775 663 2829 tet
677 2781 707 2846 τῇ
719 2780 741 2836 ἐς
752 2776 806 2836 τους
820 2777 904 2835 ἄλλους
918 2779 1236 2850 μεγαλοφροσύνῃ-ἐπαινῶν,

136 2877 286 2941 καταβαλεῖν
301 2875 342 2932 τὴν
356 2875 464 2948 γνώμην,
478 2877 521 2928 ἅτε
538 2871 580 2927 καὶ
593 2879 757 2947 συναγωνιστῇ
770 2881 817 2926 τῶν
831 2876 910 2948 λόγων
924 2883 958 2948 τῷ
972 2875 1016 2949 βίῳ
1030 2883 1094 2946 opitu
1106 2878 1234 2950 χρώρινος·

134 2961 215 3017 ciart
230 2959 278 3032 γὰρ
289 2958 421 3012 ἐναντίωσιν
434 2955 589 3022 ademistis,
605 2957 647 3012 καὶ
658 2959 757 3030 προσέτι
772 2956 814 3012 καὶ
826 2959 1025 3025 κατοκνήσαντος,
1039 2960 1114 3033 φθόνῳ
1126 2960 1170 3014 τινὶ
1184 2963 1236 3021 τοὺς

133 3056 235 3122 ἄλλους,
263 3051 294 3108 ὧν
319 3054 388 3108 αὐτοὶ
408 3058 545 3122 διενοοῦντο,
565 3053 645 3108 δονεῖν
668 3055 807 3128 ἀπείργειν,
830 3056 919 3116 istuc
942 3056 1040 3124 ἀφῆκαν
1052 3057 1095 3114 τὴν
1116 3058 1236 3130 iuis-aun.
1324 3067 1330 3082 ¹

135 3169 225 3233 Cous.
240 3163 375 3248 Pighius
388 3168 473 3229 Anu.
489 3169 561 3230 rol·
572 3166 634 3242 111,
650 3185 682 3249 p.
702 3165 774 3230 386.

179 3271 270 3330 Nunc
280 3265 378 3330 Gellii
389 3266 491 3329 locum
502 3261 652 3328 orationis
661 3283 845 3346 expromere
856 3262 941 3328 licet.

177 3371 294 3432 Gellius
304 3366 372 3441 XV,
387 3367 425 3429 82
441 3366 545 3449 Quum
557 3363 731 3444 legeremus
744 3362 919 3428 orationem
931 3371 1069 3429 veterem
1077 3367 1236 3440 Favorini,

134 3488 198 3533 non
213 3469 359 3533 indiserti
371 3464 453 3540 viri,
471 3487 562 3550 quum
577 3466 752 3529 orationem
767 3476 880 3543 tetam,
898 3479 933 3528 ut
946 3463 1123 3531 meminisse
1136 3485 1237 3548 posse·

134 3561 214 3646 mus,
230 3571 300 3631 odio
312 3571 438 3634 hercule
452 3568 623 3632 istiusmodi
638 3581 777 3650 sumptus
790 3580 884 3651 atque
893 3573 995 3634 victus
1005 3568 1236 3650 pssslidicimus.

136 3668 242 3733 Verba
259 3667 340 3742 hnc,
364 3685 430 3748 qum
444 3665 655 3750 apposuimus,
671 3661 819 3728 Favorini
837 3678 926 3728 sunta
940 3663 1094 3745 Praefecti
1111 3670 1238 3746 popinae

137 3785 226 3856 atque
239 3769 374 3828 luxuriae
388 3783 501 3848 negant
513 3767 771 3859 coeuum'lautem'
777 3785 857 3841 esso,
871 3771 942 3842 nisi,
955 3787 1026 3825 cum
1039 3763 1239 3826 sicutissime

133 3874 212 3945 edis,
228 3887 293 3930 tum
308 3869 466 3950 auferatur
484 3883 515 3928 et
531 3869 595 3929 alia
609 3887 681 3930 esca
701 3868 813 3928 melior
830 3881 919 3953 atquo
937 3857 1075 3946 amplisu*
1084 3882 1238 3930 caecemu-

133 3978 241 4034 rietur.
266 3972 300 4033 Is
321 3967 474 4048 nuncflos
495 3991 587 4032 coence
603 3969 822 4050 babetur-inter
836 3975 922 4043 istos,
939 3968 1047 4054 quibus
1061 3983 1196 4048 sumptus
1209 3984 1239 4026 et

123 4074 288 4154 fastidium
305 4091 366 4150 pro
376 4070 511 4150 facetiis
529 4071 684 4149 procedit:
701 4073 753 4154 qui
773 4084 885 4150 negant
903 4067 997 4128 ullam
1016 4089 1104 4130 avem
1122 4081 1242 4147 preter

134 4169 294 4240 ficedulam
313 4182 408 4227 totum
425 4187 564 4227 comesse
577 4182 729 4248 oportere,
746 4183 915 4229 ceteramm
935 4171 1037 4228 avium
1056 4179 1145 4250 atque
1164 4166 1241 4224 alti.
