2954 4840
643 334 712 405 339

172 474 219 534 Ex
232 473 282 534 bis
295 437 427 551 intelligi
441 483 553 554 potest,
571 491 627 536 eus·
641 469 767 534 Asinius
781 469 879 536 Pollio
897 471 932 532 in
947 487 1038 534 causa
1052 470 1230 538 Urbiniana

130 569 311 644 labienum,
337 569 514 650 petitorem,
535 569 619 631 inter
643 580 825 648 argumenta
852 569 940 630 malae
965 587 1064 630 cause
1082 570 1229 649 posuerit,

130 680 165 731 nt
179 669 259 749 apud
280 666 412 750 Quintil.
436 668 493 737 lv,
522 667 551 741 i,
575 667 626 743 11,
652 668 807 746 legimus:
830 666 959 730 «Etiam
974 666 1073 750 partis
1094 667 1231 731 aduam
1328 717 1338 724 .,

129 783 281 852 patronus
299 767 386 828 dabit
410 768 536 831 exordio
563 769 738 844 mammam,
767 765 895 830 interim
919 788 975 851 per
998 766 1231 844 contumeliam,

131 869 187 930 sed
199 867 258 928 boc
274 885 424 948 perquam
434 885 520 938 raro,
533 879 566 928 ut
579 867 706 928 Asnaus
718 887 778 944 pro
797 866 935 926 Urbiniae
948 863 1109 927 heredibus
1121 865 1234 927 Labie·

131 990 220 1041 num,
237 968 405 1030 adversarii
410 982 591 1048 patronum,
618 972 697 1028 inter
708 981 888 1047 argumento
903 967 996 1028 maloe
1009 988 1107 1030 cuusoe
1117 972 1235 1047 posuit.

175 1073 220 1130 Ex
242 1066 384 1132 oratione
408 1067 540 1132 Labieni
564 1081 674 1132 eontra
702 1067 873 1132 Pollionem
904 1067 1033 1130 affertur
1058 1066 1176 1152 aliquid
1200 1064 1241 1131 ini

131 1165 266 1250 Quintil.
283 1168 354 1240 Vll,
373 1165 405 1238 2,
421 1166 461 1230 26
481 1188 489 1228 ε
508 1191 523 1222 ι
544 1169 683 1248 Utraque
701 1186 774 1249 pars
795 1185 882 1228 suam
905 1165 1129 1247 expositionem
1142 1167 1237 1230 babet

132 1279 224 1347 atque
237 1285 306 1328 eam
318 1276 434 1339 tuetur,
447 1278 493 1343 ut,
509 1269 542 1326 in
556 1266 609 1324 lite
627 1265 798 1325 Urbim'aua
813 1264 927 1347 petitor
947 1260 1047 1327 dicit:
1067 1265 1236 1326 cantuum

132 1363 276 1443 Figulum
279 1363 388 1444 filium
404 1363 545 1424 Urbiniae
563 1367 629 1424 acie
642 1367 737 1437 victa,
756 1369 789 1422 in
800 1385 859 1447 qua
876 1377 1011 1437 steterat,
1018 1363 1150 1444 fugisse
1157 1385 1174 1437 ,·
1185 1358 1236 1444 ja·

132 1475 303 1546 cetumque
317 1460 438 1521 casibus
452 1465 564 1533 variis,
580 1475 728 1522 retentum
738 1463 835 1519 etiam
848 1482 868 1518 a
888 1479 972 1544 rege,
987 1461 1109 1520 tandem
1126 1464 1162 1523 ia
1172 1461 1237 1522 Ita·

132 1562 208 1621 liam
216 1584 254 1621 ac
263 1566 398 1641 patriam
414 1582 501 1621 suam
512 1563 678 1642 Marginas
689 1565 810 1620 venisse
823 1575 913 1645 atque
926 1560 971 1619 ibi
983 1565 1144 1640 agnosci.»
1227 1631 1232 1646 ,

177 1659 311 1744 Quintil.
327 1662 353 1731 l,
371 1662 403 1735 5,
422 1658 441 1718 8
457 1679 465 1718 ε
480 1661 519 1720 In
534 1663 667 1718 oratione
687 1657 828 1730 Labieni,
843 1659 909 1720 sive
923 1657 978 1719 illa
993 1658 1134 1718 Cornelii
1150 1659 1238 1720 Galli

88 1807 91 1814 .
134 1769 194 1830 est,
207 1758 241 1819 in
255 1757 427 1821 Pollionem
442 1777 555 1817 casaur
565 1767 736 1818 assectator
752 1748 889 1818 eGaliia
899 1755 1024 1818 ductum
1038 1767 1095 1818 est.

170 1890 287 1959 Lalt'eni]
307 1890 478 1966 Spaldiugius
496 1891 524 1944 iu
539 1891 708 1944 adnotatione
719 1890 751 1943 ad
768 1890 841 1944 hune
853 1890 940 1944 locum
958 1891 1077 1945 incestus
1091 1890 1153 1956 fuit,
1175 1892 1236 1961 quis

205 1993 276 2033 esset
286 1979 428 2044 Labienus,
444 1997 557 2050 eumque
569 1978 649 2031 simul
662 1977 818 2033 bismnieum
832 1997 889 2032 esse
899 1979 1021 2052 negabat,
1040 1977 1086 2031 sed
1095 1990 1187 2050 postea
1200 1977 1236 2030 ad

205 2067 252 2131 lv,
268 2071 290 2129 l,
308 2070 348 2132 11,
360 2067 481 2120 eumdem
490 2086 550 2120 eum
559 2066 608 2120 1110
617 2064 1104 2137 101000100010110001131110111001100
1115 2066 1144 2118 in
1157 2065 1236 2119 Cum·

116 2186 120 2195 ·
204 2165 287 2204 ment.
301 2152 333 2205 de
342 2153 436 2206 Asinio
444 2151 565 2208 Pollione
573 2171 601 2224 p.
612 2152 646 2204 li
656 2173 663 2204 a
674 2149 774 2204 Hatuz't
786 2148 907 2218 Asinus,
920 2153 1018 2224 inquit,
1036 2153 1062 2204 t'n
1078 2150 1124 2204 ltoc
1131 2149 1233 2226 judicie

204 2234 380 2288 adeersmuns
400 2233 553 2296 minua,
569 2233 727 2288 lutatium.
748 2235 786 2290 Ν.
805 2235 889 2290 Fabri
902 2235 1040 2308 epanenses
1059 2235 1096 2289 ud
1115 2233 1236 2290 Senem

206 2317 237 2369 L.
250 2337 266 2368 v
296 2318 416 2372 Contrua.
425 2319 536 2389 praefat.
549 2338 577 2389 p.
593 2317 656 2378 349,
675 2319 700 2381 8,
713 2316 793 2388 quasi
801 2316 824 2370 is
835 2317 901 2371 edem
914 2337 969 2372 esse
976 2317 1072 2390 metti,
1084 2318 1134 2389 qui
1142 2337 1159 2371 a
1175 2319 1237 2372 00-

204 2433 263 2468 tare
277 2415 314 2466 ad
320 2413 471 2486 Pompeium
484 2412 640 2486 transfugit,
652 2414 754 2482 refutat
766 2411 874 2467 Vosstitt
886 2417 928 2466 De
936 2413 998 2467 leiti.
1011 2415 1072 2469 hat.
1093 2417 1102 2465 i
1108 2451 1118 2476 ,
1133 2417 1177 2468 33.
1190 2416 1235 2466 Ec

201 2500 289 2552 eadem
302 2507 373 2552 certe
376 2500 484 2567 sanet'll'a
487 2497 560 2565 fiat,
578 2518 609 2551 ac
620 2499 785 2569 Paupctanoe
796 2499 914 2552 studium
915 2497 1042 2566 salienti
1053 2499 1236 2554 hereditarium

204 2581 298 2636 tenuit.
314 2583 419 2634 Laudat
432 2581 610 2648 Quintilianus
624 2580 762 2634 oratiam
775 2581 883 2634 1αόὼηί
891 2583 918 2635 t'n
934 2582 1088 2642 Pollionem,
1101 2599 1179 2653 quatu
1192 2591 1234 2637 ia-

202 2688 257 2723 men
263 2669 377 2730 dubtiai,
387 2677 475 2722 ulrum
488 2667 603 2723 Cornelii
609 2669 682 2722 Galli
693 2668 728 2720 sit
736 2669 825 2737 :sorte
835 2668 901 2721 main
913 2667 1017 2723 &bellus
1026 2688 1075 2724 neu
1083 2667 1175 2722 addito
1183 2689 1233 2722 au-

203 2754 284 2809 ctoris
296 2754 393 2809 nomene
401 2755 512 2810 exuerat.
524 2755 700 2809 -Labienus
710 2757 738 2808 in
749 2757 798 2810 bac
812 2756 930 2809 oratione
945 2769 1037 2810 coum
1053 2756 1169 2811 heredes
1176 2759 1227 2811 Ur-

201 2843 280 2896 biniae
288 2843 365 2908 dixit,
377 2863 490 2915 quonum
498 2857 626 2916 patronus
634 2857 691 2898 enat
703 2844 813 2897 Asinius
822 2843 918 2899 Pollio.

172 2957 291 3020 Scimus
310 2956 422 3023 deinde
446 2980 484 3023 ex
511 2961 637 3023 Senecae
667 2957 801 3023 ubetotis
830 2959 981 3025 Conmov.
1005 2961 1062 3024 lib.
1089 2964 1117 3024 V
1142 2963 1231 3044 prei.

128 3075 160 3137 p.
192 3055 249 3118 351
276 3053 327 3138 (p.
345 3057 406 3118 322
422 3059 471 3119 ed.
492 3057 585 3140 Rip),
610 3058 780 3120 Labienum
805 3058 989 3122 orationem·
1003 3059 1162 3143 scripsisse
1173 3081 1232 3139 pre

129 3153 277 3234 Bathyllo
286 3155 480 3227 Maecenatis,
498 3157 548 3217 cui
559 3153 888 3240 Gallioreseripserat.
897 3159 946 3220 De
958 3159 1101 3242 bathyllo
1112 3157 1232 3242 Lipsius

91 3275 93 3280 ·
127 3253 265 3335 loquitur
286 3256 326 3316 ad
347 3255 445 3318 Tacit.
464 3259 550 3318 Anu.
573 3257 599 3333 1,
617 3257 669 3321 54.
687 3253 953 3348 [LocusSenecaez
973 3257 1098 3323 «Cassii
1111 3257 1231 3333 Severi,

129 3351 265 3414 hominis
284 3352 422 3414 Labieno
441 3351 651 3435 junctissimi,
679 3355 761 3416 belle
793 3354 877 3416 dicta
903 3354 1148 3418 resistebatur.
1176 3354 1233 3416 iilo

129 3463 280 3563 tempure,
306 3471 366 3533 quo
382 3452 458 3562 libri
478 3451 612 3514 Labieni
632 3474 671 3515 ex
692 3453 773 3518 SCto
787 3452 969 3530 urebantur,
991 3455 1080 3517 Nunc
1098 3471 1158 3526 me,
1181 3451 1230 3514 iu·

128 3647 245 3710 bellum
268 3646 420 3725 libellum,
446 3669 538 3732 quem
553 3670 572 3712 a
591 3647 738 3714 Gallione
753 3665 858 3714 vestro
872 3652 994 3735 petatis.
1011 3650 1170 3714 Recitavit
1183 3670 1232 3713 ra·

129 3745 280 3831 seriptum
302 3749 439 3812 labieno
460 3769 518 3832 pro
537 3751 679 3834 Bathyllo
699 3752 887 3827 Maecenatis,
911 3747 945 3812 in
967 3770 1027 3833 que
1051 3748 1228 3834 suspicietis

129 3842 339 4029 {minuentis
358 3843 518 3921 animum,
547 3847 616 3910 illos
640 3849 749 3911 dentes
768 3849 808 3911 ad
828 3848 1031 3910 mordendum
1056 3867 1229 3932 provocan-

172 4041 304 4126 Quintil.
318 4043 375 4118 111,
394 4042 425 4115 3,
447 4043 509 4106 13:
523 4043 613 4106 Nune
630 4043 744 4108 evaluit
759 4045 848 4108 rebus
857 4045 1029 4128 agentibus
1039 4045 1121 4127 quod
1135 4042 1235 4108 Pollio

128 4142 163 4204 in
180 4140 319 4205 Labieno
333 4145 472 4207 damnat
1257 4154 1258 4157 ’
