<?xml version="1.0" encoding="UTF-8"?>
<!DOCTYPE html PUBLIC "-//W3C//DTD XHTML 1.0 Transitional//EN"
    "http://www.w3.org/TR/xhtml1/DTD/xhtml1-transitional.dtd">
<html xmlns="http://www.w3.org/1999/xhtml" xml:lang="en" lang="en">
 <head>
  <title>
</title>
<meta http-equiv="Content-Type" content="text/html;charset=utf-8" />
  <meta name='ocr-system' content='tesseract 3.04.00' />
  <meta name='ocr-capabilities' content='ocr_page ocr_carea ocr_par ocr_line ocrx_word'/>
</head>
<body>
  <div class='ocr_page' id='page_1' title='image "./oratorumromanor00meyegoog_0118.png"; bbox 0 0 2904 4840; ppageno 0'>
   <div class='ocr_carea' id='block_1_1' title="bbox 781 367 828 440">
    <p class='ocr_par' dir='ltr' id='par_1_1' title="bbox 781 367 828 440">
     <span class='ocr_line' id='line_1_1' title="bbox 781 367 828 440; baseline -0.064 0"><span class='ocrx_word' id='word_1_1' title='bbox 781 367 828 440; x_wconf 82' lang='lat'><strong>92</strong></span> 
     </span>
    </p>
   </div>
   <div class='ocr_carea' id='block_1_2' title="bbox 252 454 1359 781">
    <p class='ocr_par' dir='ltr' id='par_1_2' title="bbox 252 454 1359 781">
     <span class='ocr_line' id='line_1_2' title="bbox 272 454 1356 590; baseline 0.002 -26"><span class='ocrx_word' id='word_1_2' title='bbox 272 454 279 464; x_wconf 30' lang='lat'><strong>¹</strong></span> <span class='ocrx_word' id='word_1_3' title='bbox 295 497 461 564; x_wconf 70' lang='lat' dir='ltr'><strong>Orationes</strong></span> <span class='ocrx_word' id='word_1_4' title='bbox 472 498 539 584; x_wconf 79' lang='lat' dir='ltr'><strong>ejus</strong></span> <span class='ocrx_word' id='word_1_5' title='bbox 552 501 634 564; x_wconf 91' lang='lat' dir='ltr'><strong>haud</strong></span> <span class='ocrx_word' id='word_1_6' title='bbox 648 502 753 564; x_wconf 79' lang='lat' dir='ltr'><strong>mulsa</strong></span> <span class='ocrx_word' id='word_1_7' title='bbox 767 513 1089 567; x_wconf 75' lang='lat' dir='ltr'><strong>commemorantur...</strong></span> <span class='ocrx_word' id='word_1_8' title='bbox 1105 498 1160 590; x_wconf 79' lang='lat' dir='ltr'><strong>[V·</strong></span> <span class='ocrx_word' id='word_1_9' title='bbox 1177 501 1217 565; x_wconf 89' lang='lat' dir='ltr'><strong>lr.</strong></span> <span class='ocrx_word' id='word_1_10' title='bbox 1234 522 1268 586; x_wconf 90' lang='lat' dir='ltr'><strong>p.</strong></span> <span class='ocrx_word' id='word_1_11' title='bbox 1293 502 1356 566; x_wconf 73' lang='grc'><strong>805</strong></span> 
     </span>
     <span class='ocr_line' id='line_1_3' title="bbox 253 591 1356 687; baseline 0.005 -27"><span class='ocrx_word' id='word_1_12' title='bbox 253 591 338 685; x_wconf 70' lang='lat' dir='ltr'><strong>sqq]</strong></span> <span class='ocrx_word' id='word_1_13' title='bbox 358 599 396 659; x_wconf 97' lang='lat' dir='ltr'><strong>ln</strong></span> <span class='ocrx_word' id='word_1_14' title='bbox 415 599 558 664; x_wconf 84' lang='lat' dir='ltr'><strong>maximis</strong></span> <span class='ocrx_word' id='word_1_15' title='bbox 568 612 671 687; x_wconf 64' lang='lat' dir='ltr'><strong>umen</strong></span> <span class='ocrx_word' id='word_1_16' title='bbox 685 621 756 664; x_wconf 89' lang='lat' dir='ltr'><strong>cnm</strong></span> <span class='ocrx_word' id='word_1_17' title='bbox 774 600 929 666; x_wconf 80' lang='lat' dir='ltr'><strong>Cicerone</strong></span> <span class='ocrx_word' id='word_1_18' title='bbox 940 613 973 666; x_wconf 88' lang='lat' dir='ltr'><strong>ct</strong></span> <span class='ocrx_word' id='word_1_19' title='bbox 987 599 1158 664; x_wconf 86' lang='lat' dir='ltr'><strong>Hortensio</strong></span> <span class='ocrx_word' id='word_1_20' title='bbox 1172 601 1275 663; x_wconf 85' lang='lat' dir='ltr'><strong>causis</strong></span> <span class='ocrx_word' id='word_1_21' title='bbox 1285 621 1356 664; x_wconf 85' lang='lat' dir='ltr'><strong>ver·</strong></span> 
     </span>
     <span class='ocr_line' id='line_1_4' title="bbox 252 697 1359 781; baseline 0.005 -25"><span class='ocrx_word' id='word_1_22' title='bbox 252 708 338 757; x_wconf 91' lang='lat' dir='ltr'><strong>satus</strong></span> <span class='ocrx_word' id='word_1_23' title='bbox 357 707 416 772; x_wconf 90' lang='lat' dir='ltr'><strong>cst,</strong></span> <span class='ocrx_word' id='word_1_24' title='bbox 439 707 472 758; x_wconf 91' lang='lat' dir='ltr'><strong>et</strong></span> <span class='ocrx_word' id='word_1_25' title='bbox 492 697 604 759; x_wconf 89' lang='lat' dir='ltr'><strong>orbum</strong></span> <span class='ocrx_word' id='word_1_26' title='bbox 625 698 818 781; x_wconf 82' lang='lat' dir='ltr'><strong>eloquentia,</strong></span> <span class='ocrx_word' id='word_1_27' title='bbox 842 697 964 761; x_wconf 79' lang='lat' dir='ltr'><strong>Caesare</strong></span> <span class='ocrx_word' id='word_1_28' title='bbox 984 699 1149 774; x_wconf 77' lang='lat' dir='ltr'><strong>dictatore,</strong></span> <span class='ocrx_word' id='word_1_29' title='bbox 1170 699 1272 761; x_wconf 87' lang='lat' dir='ltr'><strong>lorum</strong></span> <span class='ocrx_word' id='word_1_30' title='bbox 1291 698 1359 780; x_wconf 88' lang='lat' dir='ltr'><strong>ejus</strong></span> 
     </span>
    </p>
   </div>
   <div class='ocr_carea' id='block_1_3' title="bbox 249 795 1376 2975">
    <p class='ocr_par' dir='ltr' id='par_1_3' title="bbox 249 795 1376 2274">
     <span class='ocr_line' id='line_1_5' title="bbox 252 795 1358 890; baseline 0.005 -31"><span class='ocrx_word' id='word_1_31' title='bbox 252 795 410 880; x_wconf 82' lang='lat' dir='ltr'><strong>praecipue</strong></span> <span class='ocrx_word' id='word_1_32' title='bbox 418 818 510 860; x_wconf 87' lang='lat' dir='ltr'><strong>causa</strong></span> <span class='ocrx_word' id='word_1_33' title='bbox 519 798 553 860; x_wconf 91' lang='lat' dir='ltr'><strong>in</strong></span> <span class='ocrx_word' id='word_1_34' title='bbox 565 801 662 861; x_wconf 89' lang='lat' dir='ltr'><strong>Bruto</strong></span> <span class='ocrx_word' id='word_1_35' title='bbox 674 798 805 862; x_wconf 88' lang='lat' dir='ltr'><strong>defletur</strong></span> <span class='ocrx_word' id='word_1_36' title='bbox 817 822 845 864; x_wconf 91' lang='lat' dir='ltr'><strong>c.</strong></span> <span class='ocrx_word' id='word_1_37' title='bbox 857 802 908 865; x_wconf 81' lang='grc'><strong>91.</strong></span> <span class='ocrx_word' id='word_1_38' title='bbox 926 803 973 864; x_wconf 85' lang='lat' dir='ltr'><strong>Ex</strong></span> <span class='ocrx_word' id='word_1_39' title='bbox 987 801 1211 890; x_wconf 80' lang='lat' dir='ltr'><strong>declamatione</strong></span> <span class='ocrx_word' id='word_1_40' title='bbox 1224 804 1358 883; x_wconf 87' lang='lat' dir='ltr'><strong>quadam</strong></span> 
     </span>
     <span class='ocr_line' id='line_1_6' title="bbox 251 899 1356 988; baseline 0.005 -26"><span class='ocrx_word' id='word_1_41' title='bbox 251 899 341 962; x_wconf 90' lang='lat' dir='ltr'><strong>Bruti</strong></span> <span class='ocrx_word' id='word_1_42' title='bbox 355 917 422 960; x_wconf 88' lang='lat' dir='ltr'><strong>osse</strong></span> <span class='ocrx_word' id='word_1_43' title='bbox 437 899 492 962; x_wconf 87' lang='lat' dir='ltr'><strong>illa</strong></span> <span class='ocrx_word' id='word_1_44' title='bbox 505 900 698 980; x_wconf 80' lang='lat' dir='ltr'><strong>dePampea&#39;i</strong></span> <span class='ocrx_word' id='word_1_45' title='bbox 710 903 860 962; x_wconf 69' lang='lat' dir='ltr'><strong>dictam</strong></span> <span class='ocrx_word' id='word_1_46' title='bbox 874 924 926 987; x_wconf 86' lang='lat' dir='ltr'><strong>ap.</strong></span> <span class='ocrx_word' id='word_1_47' title='bbox 942 903 1171 988; x_wconf 82' lang='lat' dir='ltr'><strong>Quintilianum</strong></span> <span class='ocrx_word' id='word_1_48' title='bbox 1186 903 1242 978; x_wconf 91' lang='lat' dir='ltr'><strong>lX,</strong></span> <span class='ocrx_word' id='word_1_49' title='bbox 1255 905 1288 978; x_wconf 82' lang='lat'><strong>3,</strong></span> <span class='ocrx_word' id='word_1_50' title='bbox 1303 906 1356 978; x_wconf 85' lang='grc'><strong>95,</strong></span> 
     </span>
     <span class='ocr_line' id='line_1_7' title="bbox 251 999 1357 1086; baseline 0.004 -22"><span class='ocrx_word' id='word_1_51' title='bbox 251 999 447 1084; x_wconf 80' lang='lat' dir='ltr'><strong>Spaldingius</strong></span> <span class='ocrx_word' id='word_1_52' title='bbox 460 1001 592 1076; x_wconf 87' lang='lat' dir='ltr'><strong>censuit,</strong></span> <span class='ocrx_word' id='word_1_53' title='bbox 606 1004 687 1084; x_wconf 90' lang='lat' dir='ltr'><strong>quod</strong></span> <span class='ocrx_word' id='word_1_54' title='bbox 700 1004 772 1084; x_wconf 80' lang='lat' dir='ltr'><strong>huic</strong></span> <span class='ocrx_word' id='word_1_55' title='bbox 787 1005 912 1084; x_wconf 84' lang='lat' dir='ltr'><strong>negotio</strong></span> <span class='ocrx_word' id='word_1_56' title='bbox 922 1007 1036 1076; x_wconf 89' lang='lat' dir='ltr'><strong>Brutus</strong></span> <span class='ocrx_word' id='word_1_57' title='bbox 1049 1025 1150 1086; x_wconf 79' lang='lat' dir='ltr'><strong>neque</strong></span> <span class='ocrx_word' id='word_1_58' title='bbox 1164 1005 1357 1082; x_wconf 81' lang='lat' dir='ltr'><strong>interfuerit,</strong></span> 
     </span>
     <span class='ocr_line' id='line_1_8' title="bbox 251 1093 1376 1187; baseline 0.007 -28"><span class='ocrx_word' id='word_1_59' title='bbox 251 1117 352 1179; x_wconf 82' lang='lat' dir='ltr'><strong>neque</strong></span> <span class='ocrx_word' id='word_1_60' title='bbox 366 1093 492 1184; x_wconf 86' lang='lat' dir='ltr'><strong>publice</strong></span> <span class='ocrx_word' id='word_1_61' title='bbox 507 1101 549 1163; x_wconf 89' lang='lat' dir='ltr'><strong>sit</strong></span> <span class='ocrx_word' id='word_1_62' title='bbox 563 1103 753 1166; x_wconf 83' lang='lat' dir='ltr'><strong>adversatus.</strong></span> <span class='ocrx_word' id='word_1_63' title='bbox 779 1101 938 1178; x_wconf 83' lang='lat' dir='ltr'><strong>Laudatis,</strong></span> <span class='ocrx_word' id='word_1_64' title='bbox 955 1123 1046 1186; x_wconf 83' lang='lat' dir='ltr'><strong>quam</strong></span> <span class='ocrx_word' id='word_1_65' title='bbox 1061 1105 1196 1187; x_wconf 80' lang='lat' dir='ltr'><strong>scripsit,</strong></span> <span class='ocrx_word' id='word_1_66' title='bbox 1213 1103 1355 1179; x_wconf 78' lang='lat' dir='ltr'><strong>Catonis,</strong></span> <span class='ocrx_word' id='word_1_67' title='bbox 1373 1113 1376 1122; x_wconf 95' lang='grc'><strong>’</strong></span> 
     </span>
     <span class='ocr_line' id='line_1_9' title="bbox 251 1189 1358 1288; baseline 0.002 -24"><span class='ocrx_word' id='word_1_68' title='bbox 251 1219 271 1264; x_wconf 90' lang='lat' dir='ltr'><strong>a</strong></span> <span class='ocrx_word' id='word_1_69' title='bbox 292 1198 414 1265; x_wconf 86' lang='lat' dir='ltr'><strong>Caesare</strong></span> <span class='ocrx_word' id='word_1_70' title='bbox 434 1201 571 1288; x_wconf 77' lang='lat' dir='ltr'><strong>ejusdem</strong></span> <span class='ocrx_word' id='word_1_71' title='bbox 592 1203 768 1282; x_wconf 81' lang='lat' dir='ltr'><strong>argumenti</strong></span> <span class='ocrx_word' id='word_1_72' title='bbox 788 1203 907 1276; x_wconf 85' lang='lat' dir='ltr'><strong>libello,</strong></span> <span class='ocrx_word' id='word_1_73' title='bbox 924 1206 977 1286; x_wconf 89' lang='lat' dir='ltr'><strong>qni</strong></span> <span class='ocrx_word' id='word_1_74' title='bbox 991 1206 1176 1270; x_wconf 83' lang='lat' dir='ltr'><strong>Ciceronem</strong></span> <span class='ocrx_word' id='word_1_75' title='bbox 1195 1189 1358 1268; x_wconf 74' lang='lat' dir='ltr'><strong>auctorem</strong></span> 
     </span>
     <span class='ocr_line' id='line_1_10' title="bbox 250 1299 1359 1386; baseline 0.006 -24"><span class='ocrx_word' id='word_1_76' title='bbox 250 1299 370 1377; x_wconf 85' lang='lat' dir='ltr'><strong>habuit,</strong></span> <span class='ocrx_word' id='word_1_77' title='bbox 385 1303 570 1384; x_wconf 89' lang='lat' dir='ltr'><strong>postpositus</strong></span> <span class='ocrx_word' id='word_1_78' title='bbox 583 1316 647 1381; x_wconf 84' lang='lat' dir='ltr'><strong>est;</strong></span> <span class='ocrx_word' id='word_1_79' title='bbox 664 1305 745 1384; x_wconf 85' lang='lat' dir='ltr'><strong>quod</strong></span> <span class='ocrx_word' id='word_1_80' title='bbox 764 1303 797 1363; x_wconf 91' lang='lat' dir='ltr'><strong>iu</strong></span> <span class='ocrx_word' id='word_1_81' title='bbox 808 1301 877 1366; x_wconf 89' lang='lat' dir='ltr'><strong>Cic.</strong></span> <span class='ocrx_word' id='word_1_82' title='bbox 889 1307 968 1386; x_wconf 88' lang='lat' dir='ltr'><strong>Epp.</strong></span> <span class='ocrx_word' id='word_1_83' title='bbox 982 1308 1022 1366; x_wconf 86' lang='lat' dir='ltr'><strong>ad</strong></span> <span class='ocrx_word' id='word_1_84' title='bbox 1035 1310 1103 1368; x_wconf 82' lang='lat' dir='ltr'><strong>Att.</strong></span> <span class='ocrx_word' id='word_1_85' title='bbox 1115 1309 1201 1382; x_wconf 91' lang='lat' dir='ltr'><strong>Xlll‚</strong></span> <span class='ocrx_word' id='word_1_86' title='bbox 1214 1307 1267 1385; x_wconf 78' lang='grc'><strong>44,</strong></span> <span class='ocrx_word' id='word_1_87' title='bbox 1283 1307 1359 1386; x_wconf 79' lang='lat' dir='ltr'><strong>legi·</strong></span> 
     </span>
     <span class='ocr_line' id='line_1_11' title="bbox 249 1395 1359 1480; baseline 0.005 -20"><span class='ocrx_word' id='word_1_88' title='bbox 249 1417 329 1460; x_wconf 88' lang='lat' dir='ltr'><strong>mus.</strong></span> <span class='ocrx_word' id='word_1_89' title='bbox 346 1398 395 1460; x_wconf 89' lang='lat' dir='ltr'><strong>De</strong></span> <span class='ocrx_word' id='word_1_90' title='bbox 411 1397 502 1460; x_wconf 86' lang='lat' dir='ltr'><strong>libris</strong></span> <span class='ocrx_word' id='word_1_91' title='bbox 517 1400 555 1460; x_wconf 90' lang='lat' dir='ltr'><strong>ad</strong></span> <span class='ocrx_word' id='word_1_92' title='bbox 567 1395 791 1480; x_wconf 85' lang='lat' dir='ltr'><strong>philosophiam</strong></span> <span class='ocrx_word' id='word_1_93' title='bbox 806 1399 1019 1480; x_wconf 85' lang='lat' dir='ltr'><strong>spectantibus</strong></span> <span class='ocrx_word' id='word_1_94' title='bbox 1035 1403 1117 1476; x_wconf 85' lang='lat' dir='ltr'><strong>conl.</strong></span> <span class='ocrx_word' id='word_1_95' title='bbox 1131 1405 1302 1468; x_wconf 86' lang='lat' dir='ltr'><strong>Burmann.</strong></span> <span class='ocrx_word' id='word_1_96' title='bbox 1320 1406 1359 1468; x_wconf 89' lang='lat' dir='ltr'><strong>ad</strong></span> 
     </span>
     <span class='ocr_line' id='line_1_12' title="bbox 249 1497 1357 1588; baseline 0.002 -24"><span class='ocrx_word' id='word_1_97' title='bbox 249 1497 342 1564; x_wconf 84' lang='lat' dir='ltr'><strong>Ovio.</strong></span> <span class='ocrx_word' id='word_1_98' title='bbox 358 1499 406 1560; x_wconf 83' lang='lat' dir='ltr'><strong>Ex</strong></span> <span class='ocrx_word' id='word_1_99' title='bbox 420 1498 521 1562; x_wconf 93' lang='lat' dir='ltr'><strong>Ponto</strong></span> <span class='ocrx_word' id='word_1_100' title='bbox 538 1500 564 1574; x_wconf 88' lang='lat' dir='ltr'><strong>l,</strong></span> <span class='ocrx_word' id='word_1_101' title='bbox 580 1501 610 1573; x_wconf 91' lang='grc'><strong>1,</strong></span> <span class='ocrx_word' id='word_1_102' title='bbox 626 1499 680 1560; x_wconf 79' lang='lat' dir='ltr'><strong>at.</strong></span> <span class='ocrx_word' id='word_1_103' title='bbox 704 1499 784 1562; x_wconf 90' lang='lat' dir='ltr'><strong>Sunt</strong></span> <span class='ocrx_word' id='word_1_104' title='bbox 796 1499 879 1562; x_wconf 88' lang='lat' dir='ltr'><strong>liber</strong></span> <span class='ocrx_word' id='word_1_105' title='bbox 892 1501 940 1562; x_wconf 91' lang='lat' dir='ltr'><strong>De</strong></span> <span class='ocrx_word' id='word_1_106' title='bbox 955 1501 1086 1575; x_wconf 81' lang='lat' dir='ltr'><strong>virtute,</strong></span> <span class='ocrx_word' id='word_1_107' title='bbox 1106 1503 1156 1564; x_wconf 90' lang='lat' dir='ltr'><strong>De</strong></span> <span class='ocrx_word' id='word_1_108' title='bbox 1173 1503 1284 1567; x_wconf 78' lang='lat' dir='ltr'><strong>officiis</strong></span> <span class='ocrx_word' id='word_1_109' title='bbox 1304 1526 1357 1588; x_wconf 89' lang='lat' dir='ltr'><strong>ap.</strong></span> 
     </span>
     <span class='ocr_line' id='line_1_13' title="bbox 250 1597 1362 1684; baseline 0.005 -20"><span class='ocrx_word' id='word_1_110' title='bbox 250 1597 373 1664; x_wconf 89' lang='lat' dir='ltr'><strong>Charis.</strong></span> <span class='ocrx_word' id='word_1_111' title='bbox 387 1599 413 1674; x_wconf 92' lang='lat' dir='ltr'><strong>l,</strong></span> <span class='ocrx_word' id='word_1_112' title='bbox 425 1619 457 1681; x_wconf 91' lang='lat' dir='ltr'><strong>p.</strong></span> <span class='ocrx_word' id='word_1_113' title='bbox 470 1599 524 1672; x_wconf 75' lang='grc'><strong>88,</strong></span> <span class='ocrx_word' id='word_1_114' title='bbox 537 1600 639 1664; x_wconf 87' lang='lat' dir='ltr'><strong>Prisc.</strong></span> <span class='ocrx_word' id='word_1_115' title='bbox 648 1604 705 1678; x_wconf 90' lang='lat' dir='ltr'><strong>Vl,</strong></span> <span class='ocrx_word' id='word_1_116' title='bbox 717 1623 750 1684; x_wconf 88' lang='lat' dir='ltr'><strong>p.</strong></span> <span class='ocrx_word' id='word_1_117' title='bbox 764 1603 837 1677; x_wconf 83' lang='lat' dir='ltr'><strong>6l9,</strong></span> <span class='ocrx_word' id='word_1_118' title='bbox 849 1601 903 1684; x_wconf 86' lang='lat' dir='ltr'><strong>qui</strong></span> <span class='ocrx_word' id='word_1_119' title='bbox 917 1601 997 1664; x_wconf 88' lang='lat' dir='ltr'><strong>liber</strong></span> <span class='ocrx_word' id='word_1_120' title='bbox 1010 1603 1043 1664; x_wconf 93' lang='lat' dir='ltr'><strong>in</strong></span> <span class='ocrx_word' id='word_1_121' title='bbox 1057 1601 1219 1666; x_wconf 90' lang='lat' dir='ltr'><strong>Ciceronis</strong></span> <span class='ocrx_word' id='word_1_122' title='bbox 1235 1607 1362 1670; x_wconf 74' lang='lat' dir='ltr'><strong>emula·</strong></span> 
     </span>
     <span class='ocr_line' id='line_1_14' title="bbox 250 1697 1361 1784; baseline 0.007 -24"><span class='ocrx_word' id='word_1_123' title='bbox 250 1697 367 1761; x_wconf 89' lang='lat' dir='ltr'><strong>tionem</strong></span> <span class='ocrx_word' id='word_1_124' title='bbox 377 1699 511 1781; x_wconf 86' lang='lat' dir='ltr'><strong>scriptus</strong></span> <span class='ocrx_word' id='word_1_125' title='bbox 519 1712 581 1776; x_wconf 71' lang='grc' dir='ltr'><strong>εει,</strong></span> <span class='ocrx_word' id='word_1_126' title='bbox 592 1701 640 1764; x_wconf 89' lang='lat' dir='ltr'><strong>De</strong></span> <span class='ocrx_word' id='word_1_127' title='bbox 649 1701 813 1784; x_wconf 84' lang='lat' dir='ltr'><strong>patientia,</strong></span> <span class='ocrx_word' id='word_1_128' title='bbox 822 1722 873 1783; x_wconf 88' lang='lat' dir='ltr'><strong>ap.</strong></span> <span class='ocrx_word' id='word_1_129' title='bbox 883 1701 1024 1763; x_wconf 86' lang='lat' dir='ltr'><strong>Diomed.</strong></span> <span class='ocrx_word' id='word_1_130' title='bbox 1035 1703 1062 1778; x_wconf 91' lang='lat' dir='ltr'><strong>l,</strong></span> <span class='ocrx_word' id='word_1_131' title='bbox 1073 1722 1103 1784; x_wconf 94' lang='lat' dir='ltr'><strong>p.</strong></span> <span class='ocrx_word' id='word_1_132' title='bbox 1115 1701 1188 1764; x_wconf 77' lang='grc'><strong>318.</strong></span> <span class='ocrx_word' id='word_1_133' title='bbox 1201 1706 1361 1768; x_wconf 72' lang='lat' dir='ltr'><strong>Praeterea</strong></span> 
     </span>
     <span class='ocr_line' id='line_1_15' title="bbox 250 1799 1358 1885; baseline 0.006 -25"><span class='ocrx_word' id='word_1_134' title='bbox 250 1799 394 1881; x_wconf 68' lang='lat' dir='ltr'><strong>Epistola</strong></span> <span class='ocrx_word' id='word_1_135' title='bbox 409 1813 693 1864; x_wconf 85' lang='lat' dir='ltr'><strong>commemorantur</strong></span> <span class='ocrx_word' id='word_1_136' title='bbox 703 1801 848 1864; x_wconf 88' lang='lat' dir='ltr'><strong>Diomedi</strong></span> <span class='ocrx_word' id='word_1_137' title='bbox 863 1804 892 1874; x_wconf 87' lang='lat' dir='ltr'><strong>l,</strong></span> <span class='ocrx_word' id='word_1_138' title='bbox 909 1821 942 1883; x_wconf 90' lang='lat' dir='ltr'><strong>p.</strong></span> <span class='ocrx_word' id='word_1_139' title='bbox 957 1802 1030 1877; x_wconf 86' lang='grc'><strong>383,</strong></span> <span class='ocrx_word' id='word_1_140' title='bbox 1048 1801 1148 1863; x_wconf 86' lang='lat' dir='ltr'><strong>Prisc.</strong></span> <span class='ocrx_word' id='word_1_141' title='bbox 1162 1801 1217 1879; x_wconf 89' lang='lat' dir='ltr'><strong>IX,</strong></span> <span class='ocrx_word' id='word_1_142' title='bbox 1236 1825 1267 1885; x_wconf 92' lang='lat' dir='ltr'><strong>p.</strong></span> <span class='ocrx_word' id='word_1_143' title='bbox 1281 1805 1358 1880; x_wconf 85' lang='grc'><strong>888,</strong></span> 
     </span>
     <span class='ocr_line' id='line_1_16' title="bbox 251 1898 1362 1988; baseline 0.004 -26"><span class='ocrx_word' id='word_1_144' title='bbox 251 1912 284 1962; x_wconf 88' lang='lat' dir='ltr'><strong>et</strong></span> <span class='ocrx_word' id='word_1_145' title='bbox 298 1901 337 1962; x_wconf 92' lang='lat' dir='ltr'><strong>ad</strong></span> <span class='ocrx_word' id='word_1_146' title='bbox 350 1898 502 1962; x_wconf 72' lang='lat' dir='ltr'><strong>Caesarem</strong></span> <span class='ocrx_word' id='word_1_147' title='bbox 515 1901 640 1982; x_wconf 87' lang='lat' dir='ltr'><strong>quidem</strong></span> <span class='ocrx_word' id='word_1_148' title='bbox 653 1901 794 1966; x_wconf 72' lang='lat' dir='ltr'><strong>chamis</strong></span> <span class='ocrx_word' id='word_1_149' title='bbox 809 1905 854 1974; x_wconf 90' lang='lat' dir='ltr'><strong>ll,</strong></span> <span class='ocrx_word' id='word_1_150' title='bbox 868 1922 900 1984; x_wconf 90' lang='lat' dir='ltr'><strong>p.</strong></span> <span class='ocrx_word' id='word_1_151' title='bbox 918 1901 989 1964; x_wconf 83' lang='lat' dir='ltr'><strong>tos.</strong></span> <span class='ocrx_word' id='word_1_152' title='bbox 1008 1904 1123 1964; x_wconf 88' lang='lat' dir='ltr'><strong>Versus</strong></span> <span class='ocrx_word' id='word_1_153' title='bbox 1145 1903 1235 1988; x_wconf 86' lang='lat' dir='ltr'><strong>Bruti</strong></span> <span class='ocrx_word' id='word_1_154' title='bbox 1254 1904 1362 1966; x_wconf 86' lang='lat' dir='ltr'><strong>Plinio</strong></span> 
     </span>
     <span class='ocr_line' id='line_1_17' title="bbox 249 1994 1357 2079; baseline 0.003 -21"><span class='ocrx_word' id='word_1_155' title='bbox 249 1995 359 2058; x_wconf 84' lang='lat' dir='ltr'><strong>lascivi</strong></span> <span class='ocrx_word' id='word_1_156' title='bbox 380 1994 459 2058; x_wconf 86' lang='lat' dir='ltr'><strong>dicti</strong></span> <span class='ocrx_word' id='word_1_157' title='bbox 477 2009 564 2074; x_wconf 85' lang='lat' dir='ltr'><strong>sunt3</strong></span> <span class='ocrx_word' id='word_1_158' title='bbox 582 1998 784 2079; x_wconf 87' lang='lat' dir='ltr'><strong>reprehendit</strong></span> <span class='ocrx_word' id='word_1_159' title='bbox 796 2018 849 2060; x_wconf 88' lang='lat' dir='ltr'><strong>eos</strong></span> <span class='ocrx_word' id='word_1_160' title='bbox 863 2013 973 2061; x_wconf 84' lang='lat' dir='ltr'><strong>auctor</strong></span> <span class='ocrx_word' id='word_1_161' title='bbox 986 1998 1069 2062; x_wconf 85' lang='lat' dir='ltr'><strong>Dial.</strong></span> <span class='ocrx_word' id='word_1_162' title='bbox 1087 1998 1126 2062; x_wconf 83' lang='lat' dir='ltr'><strong>‹la</strong></span> <span class='ocrx_word' id='word_1_163' title='bbox 1140 2012 1235 2070; x_wconf 75' lang='lat' dir='ltr'><strong>orant.</strong></span> <span class='ocrx_word' id='word_1_164' title='bbox 1252 2021 1281 2063; x_wconf 94' lang='lat' dir='ltr'><strong>c.</strong></span> <span class='ocrx_word' id='word_1_165' title='bbox 1300 2001 1357 2075; x_wconf 77' lang='lat'><strong>21,</strong></span> 
     </span>
     <span class='ocr_line' id='line_1_18' title="bbox 251 2092 1362 2181; baseline 0 -23"><span class='ocrx_word' id='word_1_166' title='bbox 251 2105 284 2158; x_wconf 88' lang='lat' dir='ltr'><strong>et</strong></span> <span class='ocrx_word' id='word_1_167' title='bbox 302 2092 428 2170; x_wconf 70' lang='lat' dir='ltr'><strong>Statim,</strong></span> <span class='ocrx_word' id='word_1_168' title='bbox 451 2093 540 2177; x_wconf 76' lang='lat' dir='ltr'><strong>Sylr.</strong></span> <span class='ocrx_word' id='word_1_169' title='bbox 557 2095 614 2170; x_wconf 90' lang='lat' dir='ltr'><strong>IX,</strong></span> <span class='ocrx_word' id='word_1_170' title='bbox 636 2095 689 2171; x_wconf 86' lang='lat'><strong>20,</strong></span> <span class='ocrx_word' id='word_1_171' title='bbox 713 2094 788 2158; x_wconf 83' lang='lat' dir='ltr'><strong>satis</strong></span> <span class='ocrx_word' id='word_1_172' title='bbox 806 2094 941 2178; x_wconf 85' lang='lat' dir='ltr'><strong>superbe</strong></span> <span class='ocrx_word' id='word_1_173' title='bbox 960 2095 1161 2160; x_wconf 82' lang='lat' dir='ltr'><strong>oscitationes</strong></span> <span class='ocrx_word' id='word_1_174' title='bbox 1181 2097 1272 2160; x_wconf 86' lang='lat' dir='ltr'><strong>Bruti</strong></span> <span class='ocrx_word' id='word_1_175' title='bbox 1292 2097 1362 2181; x_wconf 86' lang='lat' dir='ltr'><strong>ipse</strong></span> 
     </span>
     <span class='ocr_line' id='line_1_19' title="bbox 252 2191 575 2274; baseline -0.006 -20"><span class='ocrx_word' id='word_1_176' title='bbox 252 2191 410 2254; x_wconf 82' lang='lat' dir='ltr'><strong>somnians</strong></span> <span class='ocrx_word' id='word_1_177' title='bbox 428 2191 575 2274; x_wconf 86' lang='lat' dir='ltr'><strong>appellat.</strong></span> 
     </span>
    </p>

    <p class='ocr_par' dir='ltr' id='par_1_4' title="bbox 252 2291 1363 2975">
     <span class='ocr_line' id='line_1_20' title="bbox 294 2291 1362 2375; baseline 0 -19"><span class='ocrx_word' id='word_1_178' title='bbox 294 2294 348 2356; x_wconf 83' lang='grc'><strong>68.</strong></span> <span class='ocrx_word' id='word_1_179' title='bbox 372 2295 500 2366; x_wconf 87' lang='lat' dir='ltr'><strong>Eorum,</strong></span> <span class='ocrx_word' id='word_1_180' title='bbox 514 2292 567 2372; x_wconf 86' lang='lat' dir='ltr'><strong>qui</strong></span> <span class='ocrx_word' id='word_1_181' title='bbox 582 2291 805 2375; x_wconf 86' lang='lat' dir='ltr'><strong>rempublicam</strong></span> <span class='ocrx_word' id='word_1_182' title='bbox 818 2292 963 2366; x_wconf 85' lang='lat' dir='ltr'><strong>liberam,</strong></span> <span class='ocrx_word' id='word_1_183' title='bbox 979 2311 1043 2356; x_wconf 92' lang='lat' dir='ltr'><strong>nou</strong></span> <span class='ocrx_word' id='word_1_184' title='bbox 1057 2293 1222 2368; x_wconf 70' lang='lat' dir='ltr'><strong>sidiment,</strong></span> <span class='ocrx_word' id='word_1_185' title='bbox 1241 2295 1296 2356; x_wconf 88' lang='lat' dir='ltr'><strong>sed</strong></span> <span class='ocrx_word' id='word_1_186' title='bbox 1314 2307 1362 2358; x_wconf 84' lang='lat' dir='ltr'><strong>at·</strong></span> 
     </span>
     <span class='ocr_line' id='line_1_21' title="bbox 253 2392 1360 2477; baseline -0.002 -21"><span class='ocrx_word' id='word_1_187' title='bbox 253 2393 406 2474; x_wconf 81' lang='lat' dir='ltr'><strong>tigiasent,</strong></span> <span class='ocrx_word' id='word_1_188' title='bbox 418 2393 577 2456; x_wconf 86' lang='lat' dir='ltr'><strong>neminem</strong></span> <span class='ocrx_word' id='word_1_189' title='bbox 588 2392 779 2474; x_wconf 75' lang='lat' dir='ltr'><strong>preteritum</strong></span> <span class='ocrx_word' id='word_1_190' title='bbox 797 2392 947 2470; x_wconf 84' lang='lat' dir='ltr'><strong>arbitror,</strong></span> <span class='ocrx_word' id='word_1_191' title='bbox 961 2395 1098 2477; x_wconf 80' lang='lat' dir='ltr'><strong>exceptis</strong></span> <span class='ocrx_word' id='word_1_192' title='bbox 1111 2395 1147 2456; x_wconf 85' lang='lat' dir='ltr'><strong>C.</strong></span> <span class='ocrx_word' id='word_1_193' title='bbox 1159 2395 1273 2454; x_wconf 65' lang='lat' dir='ltr'><strong>Aaou</strong></span> <span class='ocrx_word' id='word_1_194' title='bbox 1283 2395 1360 2456; x_wconf 87' lang='lat' dir='ltr'><strong>Pal-</strong></span> 
     </span>
     <span class='ocr_line' id='line_1_22' title="bbox 252 2489 1363 2581; baseline 0.002 -27"><span class='ocrx_word' id='word_1_195' title='bbox 252 2495 335 2554; x_wconf 83' lang='lat' dir='ltr'><strong>b’ane</strong></span> <span class='ocrx_word' id='word_1_196' title='bbox 347 2489 441 2560; x_wconf 77' lang='lat' dir='ltr'><strong>et&#39;M.</strong></span> <span class='ocrx_word' id='word_1_197' title='bbox 453 2494 489 2559; x_wconf 90' lang='lat' dir='ltr'><strong>V</strong></span> <span class='ocrx_word' id='word_1_198' title='bbox 486 2494 581 2556; x_wconf 69' lang='lat' dir='ltr'><strong>alear&#39;o</strong></span> <span class='ocrx_word' id='word_1_199' title='bbox 593 2493 732 2581; x_wconf 81' lang='lat' dir='ltr'><strong>Messala</strong></span> <span class='ocrx_word' id='word_1_200' title='bbox 746 2495 886 2558; x_wconf 75' lang='lat' dir='ltr'><strong>Camino.</strong></span> <span class='ocrx_word' id='word_1_201' title='bbox 903 2497 943 2560; x_wconf 87' lang='lat' dir='ltr'><strong>Et</strong></span> <span class='ocrx_word' id='word_1_202' title='bbox 957 2496 995 2558; x_wconf 91' lang='lat' dir='ltr'><strong>de</strong></span> <span class='ocrx_word' id='word_1_203' title='bbox 1007 2493 1147 2558; x_wconf 88' lang='lat' dir='ltr'><strong>Pollione</strong></span> <span class='ocrx_word' id='word_1_204' title='bbox 1156 2496 1278 2576; x_wconf 85' lang='lat' dir='ltr'><strong>quidem</strong></span> <span class='ocrx_word' id='word_1_205' title='bbox 1289 2509 1363 2577; x_wconf 88' lang='lat' dir='ltr'><strong>post</strong></span> 
     </span>
     <span class='ocr_line' id='line_1_23' title="bbox 254 2593 1361 2680; baseline -0.004 -18"><span class='ocrx_word' id='word_1_206' title='bbox 254 2597 482 2662; x_wconf 82' lang='lat' dir='ltr'><strong>Thorbeekium</strong></span> <span class='ocrx_word' id='word_1_207' title='bbox 498 2594 598 2680; x_wconf 87' lang='lat' dir='ltr'><strong>(cujus</strong></span> <span class='ocrx_word' id='word_1_208' title='bbox 611 2597 820 2680; x_wconf 82' lang='lat' dir='ltr'><strong>copiosissima</strong></span> <span class='ocrx_word' id='word_1_209' title='bbox 836 2593 1012 2660; x_wconf 81' lang='lat' dir='ltr'><strong>dissertatio</strong></span> <span class='ocrx_word' id='word_1_210' title='bbox 1025 2598 1123 2676; x_wconf 80' lang='lat' dir='ltr'><strong>Lugd.</strong></span> <span class='ocrx_word' id='word_1_211' title='bbox 1146 2599 1216 2660; x_wconf 90' lang='lat' dir='ltr'><strong>Bat.</strong></span> <span class='ocrx_word' id='word_1_212' title='bbox 1228 2615 1259 2659; x_wconf 84' lang='lat' dir='ltr'><strong>a.</strong></span> <span class='ocrx_word' id='word_1_213' title='bbox 1276 2597 1361 2659; x_wconf 81' lang='grc'><strong>1828</strong></span> 
     </span>
     <span class='ocr_line' id='line_1_24' title="bbox 254 2694 1362 2781; baseline 0.001 -24"><span class='ocrx_word' id='word_1_214' title='bbox 254 2696 289 2758; x_wconf 91' lang='lat' dir='ltr'><strong>in</strong></span> <span class='ocrx_word' id='word_1_215' title='bbox 302 2694 404 2760; x_wconf 87' lang='lat' dir='ltr'><strong>lucem</strong></span> <span class='ocrx_word' id='word_1_216' title='bbox 416 2695 509 2781; x_wconf 84' lang='lat' dir='ltr'><strong>edita)</strong></span> <span class='ocrx_word' id='word_1_217' title='bbox 524 2697 694 2779; x_wconf 84' lang='lat' dir='ltr'><strong>disputare,</strong></span> <span class='ocrx_word' id='word_1_218' title='bbox 712 2695 763 2760; x_wconf 87' lang='lat' dir='ltr'><strong>vel</strong></span> <span class='ocrx_word' id='word_1_219' title='bbox 777 2696 909 2760; x_wconf 88' lang='lat' dir='ltr'><strong>otiosum</strong></span> <span class='ocrx_word' id='word_1_220' title='bbox 922 2709 1013 2768; x_wconf 82' lang='lat' dir='ltr'><strong>esset,</strong></span> <span class='ocrx_word' id='word_1_221' title='bbox 1026 2695 1078 2758; x_wconf 90' lang='lat' dir='ltr'><strong>vel</strong></span> <span class='ocrx_word' id='word_1_222' title='bbox 1092 2697 1119 2758; x_wconf 90' lang='lat' dir='ltr'><strong>si</strong></span> <span class='ocrx_word' id='word_1_223' title='bbox 1134 2717 1195 2776; x_wconf 88' lang='lat' dir='ltr'><strong>qua</strong></span> <span class='ocrx_word' id='word_1_224' title='bbox 1209 2696 1362 2758; x_wconf 83' lang='lat' dir='ltr'><strong>notabilia</strong></span> 
     </span>
     <span class='ocr_line' id='line_1_25' title="bbox 255 2792 1363 2876; baseline 0.003 -22"><span class='ocrx_word' id='word_1_225' title='bbox 255 2793 449 2870; x_wconf 85' lang='lat' dir='ltr'><strong>viderentur,</strong></span> <span class='ocrx_word' id='word_1_226' title='bbox 467 2814 530 2856; x_wconf 92' lang='lat' dir='ltr'><strong>non</strong></span> <span class='ocrx_word' id='word_1_227' title='bbox 545 2795 607 2856; x_wconf 90' lang='lat' dir='ltr'><strong>loci</strong></span> <span class='ocrx_word' id='word_1_228' title='bbox 620 2792 711 2875; x_wconf 88' lang='lat' dir='ltr'><strong>hujus</strong></span> <span class='ocrx_word' id='word_1_229' title='bbox 726 2814 825 2876; x_wconf 85' lang='lat' dir='ltr'><strong>neque</strong></span> <span class='ocrx_word' id='word_1_230' title='bbox 839 2793 972 2857; x_wconf 84' lang='lat' dir='ltr'><strong>consilii.</strong></span> <span class='ocrx_word' id='word_1_231' title='bbox 990 2793 1051 2854; x_wconf 87' lang='lat' dir='ltr'><strong>Sed</strong></span> <span class='ocrx_word' id='word_1_232' title='bbox 1065 2793 1105 2854; x_wconf 88' lang='lat' dir='ltr'><strong>de</strong></span> <span class='ocrx_word' id='word_1_233' title='bbox 1115 2793 1259 2854; x_wconf 82' lang='lat' dir='ltr'><strong>Messala</strong></span> <span class='ocrx_word' id='word_1_234' title='bbox 1272 2794 1363 2857; x_wconf 86' lang='lat' dir='ltr'><strong>adda·</strong></span> 
     </span>
     <span class='ocr_line' id='line_1_26' title="bbox 254 2890 1360 2975; baseline -0.001 -21"><span class='ocrx_word' id='word_1_235' title='bbox 254 2912 324 2972; x_wconf 87' lang='lat' dir='ltr'><strong>mus</strong></span> <span class='ocrx_word' id='word_1_236' title='bbox 337 2892 449 2975; x_wconf 81' lang='lat' dir='ltr'><strong>aliqua,</strong></span> <span class='ocrx_word' id='word_1_237' title='bbox 474 2894 620 2974; x_wconf 87' lang='lat' dir='ltr'><strong>qnoniam</strong></span> <span class='ocrx_word' id='word_1_238' title='bbox 636 2893 663 2954; x_wconf 86' lang='lat' dir='ltr'><strong>is</strong></span> <span class='ocrx_word' id='word_1_239' title='bbox 680 2905 821 2957; x_wconf 80' lang='lat' dir='ltr'><strong>veterum</strong></span> <span class='ocrx_word' id='word_1_240' title='bbox 840 2903 1000 2955; x_wconf 86' lang='lat' dir='ltr'><strong>oratorum</strong></span> <span class='ocrx_word' id='word_1_241' title='bbox 1019 2890 1108 2970; x_wconf 77' lang='lat' dir='ltr'><strong>quasi</strong></span> <span class='ocrx_word' id='word_1_242' title='bbox 1128 2910 1240 2969; x_wconf 79' lang='lat' dir='ltr'><strong>agmen</strong></span> <span class='ocrx_word' id='word_1_243' title='bbox 1255 2893 1360 2973; x_wconf 61' lang='lat' dir='ltr'><strong>cogim</strong></span> 
     </span>
    </p>
   </div>
   <div class='ocr_carea' id='block_1_4' title="bbox 143 2987 1362 3074">
    <p class='ocr_par' dir='ltr' id='par_1_5' title="bbox 143 2987 1362 3074">
     <span class='ocr_line' id='line_1_27' title="bbox 143 2987 1362 3074; baseline 0 -18"><span class='ocrx_word' id='word_1_244' title='bbox 143 2987 146 2992; x_wconf 69' lang='grc'><strong><em>’</em></strong></span> <span class='ocrx_word' id='word_1_245' title='bbox 201 3010 205 3018; x_wconf 76' lang='grc'><strong>’</strong></span> <span class='ocrx_word' id='word_1_246' title='bbox 256 2994 442 3074; x_wconf 82' lang='lat' dir='ltr'><strong>dignusvir,</strong></span> <span class='ocrx_word' id='word_1_247' title='bbox 460 2997 511 3058; x_wconf 88' lang='lat' dir='ltr'><strong>oui</strong></span> <span class='ocrx_word' id='word_1_248' title='bbox 522 3007 596 3056; x_wconf 84' lang='lat' dir='ltr'><strong>aetas</strong></span> <span class='ocrx_word' id='word_1_249' title='bbox 610 2991 682 3067; x_wconf 87' lang='lat' dir='ltr'><strong>alia,</strong></span> <span class='ocrx_word' id='word_1_250' title='bbox 697 3013 796 3073; x_wconf 86' lang='lat' dir='ltr'><strong>neque</strong></span> <span class='ocrx_word' id='word_1_251' title='bbox 811 2990 980 3054; x_wconf 64' lang='lat' dir='ltr'><strong>noceantne</strong></span> <span class='ocrx_word' id='word_1_252' title='bbox 994 2990 1172 3070; x_wconf 81' lang='lat' dir='ltr'><strong>obtigisset,</strong></span> <span class='ocrx_word' id='word_1_253' title='bbox 1187 2992 1362 3056; x_wconf 84' lang='lat' dir='ltr'><strong>minorihus</strong></span> 
     </span>
    </p>
   </div>
   <div class='ocr_carea' id='block_1_5' title="bbox 256 3080 1365 4068">
    <p class='ocr_par' dir='ltr' id='par_1_6' title="bbox 256 3080 1365 4068">
     <span class='ocr_line' id='line_1_28' title="bbox 256 3080 1363 3174; baseline 0 -20"><span class='ocrx_word' id='word_1_254' title='bbox 256 3092 397 3174; x_wconf 82' lang='lat' dir='ltr'><strong>parendi.</strong></span> <span class='ocrx_word' id='word_1_255' title='bbox 422 3091 538 3156; x_wconf 85' lang='lat' dir='ltr'><strong>Omnes</strong></span> <span class='ocrx_word' id='word_1_256' title='bbox 556 3087 692 3153; x_wconf 76' lang='lat' dir='ltr'><strong>Messala</strong></span> <span class='ocrx_word' id='word_1_257' title='bbox 711 3109 779 3162; x_wconf 87' lang='lat' dir='ltr'><strong>res,</strong></span> <span class='ocrx_word' id='word_1_258' title='bbox 795 3089 851 3150; x_wconf 87' lang='lat' dir='ltr'><strong>sed</strong></span> <span class='ocrx_word' id='word_1_259' title='bbox 866 3088 978 3150; x_wconf 87' lang='lat' dir='ltr'><strong>leviter</strong></span> <span class='ocrx_word' id='word_1_260' title='bbox 993 3087 1142 3152; x_wconf 80' lang='lat' dir='ltr'><strong>tractavit</strong></span> <span class='ocrx_word' id='word_1_261' title='bbox 1152 3080 1244 3174; x_wconf 79' lang='lat' dir='ltr'><strong>[post</strong></span> <span class='ocrx_word' id='word_1_262' title='bbox 1258 3091 1363 3154; x_wconf 91' lang='lat' dir='ltr'><strong>Molle·</strong></span> 
     </span>
     <span class='ocr_line' id='line_1_29' title="bbox 256 3183 1360 3276; baseline -0.002 -22"><span class='ocrx_word' id='word_1_263' title='bbox 256 3212 338 3268; x_wconf 89' lang='lat' dir='ltr'><strong>rum,</strong></span> <span class='ocrx_word' id='word_1_264' title='bbox 354 3193 441 3272; x_wconf 90' lang='lat' dir='ltr'><strong>Disp.</strong></span> <span class='ocrx_word' id='word_1_265' title='bbox 461 3193 500 3253; x_wconf 86' lang='lat' dir='ltr'><strong>de</strong></span> <span class='ocrx_word' id='word_1_266' title='bbox 515 3193 557 3254; x_wconf 90' lang='grc' dir='ltr'><strong>Μ.</strong></span> <span class='ocrx_word' id='word_1_267' title='bbox 570 3191 640 3254; x_wconf 88' lang='lat' dir='ltr'><strong>Val.</strong></span> <span class='ocrx_word' id='word_1_268' title='bbox 655 3190 753 3255; x_wconf 84' lang='lat' dir='ltr'><strong>Conv.</strong></span> <span class='ocrx_word' id='word_1_269' title='bbox 764 3191 857 3252; x_wconf 85' lang='lat' dir='ltr'><strong>lless.</strong></span> <span class='ocrx_word' id='word_1_270' title='bbox 870 3188 1005 3264; x_wconf 71' lang='lat' dir='ltr'><strong>attonsi,</strong></span> <span class='ocrx_word' id='word_1_271' title='bbox 1021 3191 1114 3267; x_wconf 85' lang='grc'><strong>1689,</strong></span> <span class='ocrx_word' id='word_1_272' title='bbox 1128 3183 1163 3276; x_wconf 82' lang='grc'><strong>4]</strong></span> <span class='ocrx_word' id='word_1_273' title='bbox 1183 3189 1360 3270; x_wconf 80' lang='lat' dir='ltr'><strong>Burignius,</strong></span> 
     </span>
     <span class='ocr_line' id='line_1_30' title="bbox 258 3288 1364 3373; baseline 0.001 -19"><span class='ocrx_word' id='word_1_274' title='bbox 258 3291 345 3373; x_wconf 87' lang='lat' dir='ltr'><strong>cujus</strong></span> <span class='ocrx_word' id='word_1_275' title='bbox 358 3291 481 3354; x_wconf 89' lang='lat' dir='ltr'><strong>libellus</strong></span> <span class='ocrx_word' id='word_1_276' title='bbox 495 3293 630 3355; x_wconf 87' lang='lat' dir='ltr'><strong>insertus</strong></span> <span class='ocrx_word' id='word_1_277' title='bbox 643 3303 692 3354; x_wconf 86' lang='lat' dir='ltr'><strong>est</strong></span> <span class='ocrx_word' id='word_1_278' title='bbox 705 3288 850 3354; x_wconf 78' lang='lat' dir='ltr'><strong>Historiae</strong></span> <span class='ocrx_word' id='word_1_279' title='bbox 864 3292 964 3360; x_wconf 77' lang='lat' dir='ltr'><strong>head.</strong></span> <span class='ocrx_word' id='word_1_280' title='bbox 979 3311 1046 3371; x_wconf 77' lang='lat' dir='ltr'><strong>reg.</strong></span> <span class='ocrx_word' id='word_1_281' title='bbox 1063 3293 1177 3354; x_wconf 81' lang='lat' dir='ltr'><strong>Frena.</strong></span> <span class='ocrx_word' id='word_1_282' title='bbox 1194 3292 1313 3354; x_wconf 90' lang='lat' dir='ltr'><strong>inscrr.</strong></span> <span class='ocrx_word' id='word_1_283' title='bbox 1330 3305 1364 3355; x_wconf 89' lang='lat' dir='ltr'><strong>et</strong></span> 
     </span>
     <span class='ocr_line' id='line_1_31' title="bbox 256 3383 1364 3475; baseline 0 -25"><span class='ocrx_word' id='word_1_284' title='bbox 256 3389 319 3452; x_wconf 89' lang='lat' dir='ltr'><strong>litt.</strong></span> <span class='ocrx_word' id='word_1_285' title='bbox 334 3389 436 3468; x_wconf 75' lang='lat' dir='ltr'><strong>elegg.</strong></span> <span class='ocrx_word' id='word_1_286' title='bbox 449 3389 600 3454; x_wconf 79' lang='lat' dir='ltr'><strong>volumini</strong></span> <span class='ocrx_word' id='word_1_287' title='bbox 615 3389 765 3462; x_wconf 80' lang='lat' dir='ltr'><strong>XXXIV,</strong></span> <span class='ocrx_word' id='word_1_288' title='bbox 783 3405 815 3471; x_wconf 80' lang='lat' dir='ltr'><strong>p.</strong></span> <span class='ocrx_word' id='word_1_289' title='bbox 835 3391 875 3454; x_wconf 89' lang='grc'><strong>99</strong></span> <span class='ocrx_word' id='word_1_290' title='bbox 894 3409 976 3470; x_wconf 61' lang='lat' dir='ltr'><strong>sqq„</strong></span> <span class='ocrx_word' id='word_1_291' title='bbox 997 3403 1031 3450; x_wconf 87' lang='lat' dir='ltr'><strong>et</strong></span> <span class='ocrx_word' id='word_1_292' title='bbox 1044 3387 1164 3450; x_wconf 87' lang='lat' dir='ltr'><strong>Hallius</strong></span> <span class='ocrx_word' id='word_1_293' title='bbox 1180 3383 1255 3469; x_wconf 82' lang='lat' dir='ltr'><strong>&lt;aaa</strong></span> <span class='ocrx_word' id='word_1_294' title='bbox 1271 3389 1364 3475; x_wconf 77' lang='lat' dir='ltr'><strong>Han)</strong></span> 
     </span>
     <span class='ocr_line' id='line_1_32' title="bbox 260 3485 1363 3571; baseline -0.001 -20"><span class='ocrx_word' id='word_1_295' title='bbox 260 3487 346 3571; x_wconf 84' lang='lat' dir='ltr'><strong>enjus</strong></span> <span class='ocrx_word' id='word_1_296' title='bbox 368 3486 523 3562; x_wconf 90' lang='lat' dir='ltr'><strong>libellum,</strong></span> <span class='ocrx_word' id='word_1_297' title='bbox 549 3489 669 3550; x_wconf 86' lang='lat' dir='ltr'><strong>Batava</strong></span> <span class='ocrx_word' id='word_1_298' title='bbox 694 3486 801 3565; x_wconf 84' lang='lat' dir='ltr'><strong>lingua</strong></span> <span class='ocrx_word' id='word_1_299' title='bbox 825 3486 1046 3550; x_wconf 80' lang='lat' dir='ltr'><strong>hmstelodami</strong></span> <span class='ocrx_word' id='word_1_300' title='bbox 1066 3506 1098 3548; x_wconf 87' lang='lat' dir='ltr'><strong>a.</strong></span> <span class='ocrx_word' id='word_1_301' title='bbox 1121 3485 1202 3550; x_wconf 91' lang='grc'><strong>1818</strong></span> <span class='ocrx_word' id='word_1_302' title='bbox 1225 3485 1363 3560; x_wconf 87' lang='lat' dir='ltr'><strong>editum,</strong></span> 
     </span>
     <span class='ocr_line' id='line_1_33' title="bbox 259 3585 1365 3671; baseline 0.002 -23"><span class='ocrx_word' id='word_1_303' title='bbox 259 3587 400 3652; x_wconf 86' lang='lat' dir='ltr'><strong>nancisci</strong></span> <span class='ocrx_word' id='word_1_304' title='bbox 414 3608 477 3650; x_wconf 92' lang='lat' dir='ltr'><strong>non</strong></span> <span class='ocrx_word' id='word_1_305' title='bbox 489 3588 655 3671; x_wconf 89' lang='lat' dir='ltr'><strong>potuimus.</strong></span> <span class='ocrx_word' id='word_1_306' title='bbox 676 3585 832 3649; x_wconf 88' lang='lat' dir='ltr'><strong>Nonnulla</strong></span> <span class='ocrx_word' id='word_1_307' title='bbox 844 3587 939 3650; x_wconf 88' lang='lat' dir='ltr'><strong>etiam</strong></span> <span class='ocrx_word' id='word_1_308' title='bbox 953 3585 1197 3650; x_wconf 84' lang='lat' dir='ltr'><strong>commemoratu</strong></span> <span class='ocrx_word' id='word_1_309' title='bbox 1211 3589 1305 3668; x_wconf 81' lang='lat' dir='ltr'><strong>digna</strong></span> <span class='ocrx_word' id='word_1_310' title='bbox 1319 3600 1365 3650; x_wconf 86' lang='lat' dir='ltr'><strong>at·</strong></span> 
     </span>
     <span class='ocr_line' id='line_1_34' title="bbox 258 3682 1364 3782; baseline 0.002 -37"><span class='ocrx_word' id='word_1_311' title='bbox 258 3685 399 3748; x_wconf 89' lang='lat' dir='ltr'><strong>tolerunt</strong></span> <span class='ocrx_word' id='word_1_312' title='bbox 408 3687 534 3750; x_wconf 86' lang='lat' dir='ltr'><strong>Vossius</strong></span> <span class='ocrx_word' id='word_1_313' title='bbox 544 3688 592 3748; x_wconf 89' lang='lat' dir='ltr'><strong>De</strong></span> <span class='ocrx_word' id='word_1_314' title='bbox 605 3685 678 3748; x_wconf 89' lang='lat' dir='ltr'><strong>hist.</strong></span> <span class='ocrx_word' id='word_1_315' title='bbox 690 3687 762 3749; x_wconf 90' lang='lat' dir='ltr'><strong>Lat.</strong></span> <span class='ocrx_word' id='word_1_316' title='bbox 774 3705 806 3768; x_wconf 88' lang='lat' dir='ltr'><strong>p.</strong></span> <span class='ocrx_word' id='word_1_317' title='bbox 821 3685 875 3761; x_wconf 91' lang='grc'><strong>81,</strong></span> <span class='ocrx_word' id='word_1_318' title='bbox 890 3682 1102 3782; x_wconf 63' lang='lat' dir='ltr'><strong>Clandorpius</strong></span> <span class='ocrx_word' id='word_1_319' title='bbox 1120 3685 1154 3748; x_wconf 93' lang='lat' dir='ltr'><strong>in</strong></span> <span class='ocrx_word' id='word_1_320' title='bbox 1164 3684 1364 3750; x_wconf 85' lang='lat' dir='ltr'><strong>Onomastico</strong></span> 
     </span>
     <span class='ocr_line' id='line_1_35' title="bbox 258 3785 1363 3863; baseline 0.002 -15"><span class='ocrx_word' id='word_1_321' title='bbox 258 3805 286 3848; x_wconf 89' lang='lat' dir='ltr'><strong>s.</strong></span> <span class='ocrx_word' id='word_1_322' title='bbox 297 3805 347 3862; x_wconf 87' lang='lat' dir='ltr'><strong>n.‚</strong></span> <span class='ocrx_word' id='word_1_323' title='bbox 365 3787 574 3850; x_wconf 82' lang='lat' dir='ltr'><strong>Broakhusius</strong></span> <span class='ocrx_word' id='word_1_324' title='bbox 597 3789 636 3850; x_wconf 91' lang='lat' dir='ltr'><strong>ad</strong></span> <span class='ocrx_word' id='word_1_325' title='bbox 651 3786 766 3850; x_wconf 88' lang='lat' dir='ltr'><strong>Tibull.</strong></span> <span class='ocrx_word' id='word_1_326' title='bbox 786 3788 812 3861; x_wconf 86' lang='lat' dir='ltr'><strong>l,</strong></span> <span class='ocrx_word' id='word_1_327' title='bbox 835 3785 865 3863; x_wconf 83' lang='lat'><strong>3,</strong></span> <span class='ocrx_word' id='word_1_328' title='bbox 882 3786 1042 3849; x_wconf 88' lang='lat' dir='ltr'><strong>Johannes</strong></span> <span class='ocrx_word' id='word_1_329' title='bbox 1061 3786 1215 3850; x_wconf 81' lang='lat' dir='ltr'><strong>Bennisoa</strong></span> <span class='ocrx_word' id='word_1_330' title='bbox 1226 3786 1363 3862; x_wconf 72' lang='lat' dir='ltr'><strong>Vossirn,</strong></span> 
     </span>
     <span class='ocr_line' id='line_1_36' title="bbox 262 3887 1363 3973; baseline -0.004 -22"><span class='ocrx_word' id='word_1_331' title='bbox 262 3888 309 3952; x_wconf 82' lang='lat' dir='ltr'><strong>sir</strong></span> <span class='ocrx_word' id='word_1_332' title='bbox 323 3889 588 3973; x_wconf 86' lang='lat' dir='ltr'><strong>incomparabilis,</strong></span> <span class='ocrx_word' id='word_1_333' title='bbox 606 3887 767 3968; x_wconf 80' lang='lat' dir='ltr'><strong>adVirgil.</strong></span> <span class='ocrx_word' id='word_1_334' title='bbox 778 3888 849 3964; x_wconf 77' lang='lat' dir='ltr'><strong>Bel.</strong></span> <span class='ocrx_word' id='word_1_335' title='bbox 860 3888 914 3962; x_wconf 91' lang='lat' dir='ltr'><strong>Vl,</strong></span> <span class='ocrx_word' id='word_1_336' title='bbox 935 3901 967 3950; x_wconf 92' lang='lat' dir='ltr'><strong>et</strong></span> <span class='ocrx_word' id='word_1_337' title='bbox 984 3888 1183 3954; x_wconf 86' lang='lat' dir='ltr'><strong>Heindorlins</strong></span> <span class='ocrx_word' id='word_1_338' title='bbox 1197 3888 1236 3948; x_wconf 86' lang='lat' dir='ltr'><strong>ad</strong></span> <span class='ocrx_word' id='word_1_339' title='bbox 1252 3889 1363 3950; x_wconf 79' lang='lat' dir='ltr'><strong>Horat.</strong></span> 
     </span>
     <span class='ocr_line' id='line_1_37' title="bbox 262 3980 1365 4068; baseline 0 -20"><span class='ocrx_word' id='word_1_340' title='bbox 262 3985 406 4050; x_wconf 87' lang='lat' dir='ltr'><strong>Sermon.</strong></span> <span class='ocrx_word' id='word_1_341' title='bbox 421 3989 449 4062; x_wconf 89' lang='lat' dir='ltr'><strong>l,</strong></span> <span class='ocrx_word' id='word_1_342' title='bbox 464 3989 513 4064; x_wconf 89' lang='grc'><strong>10,</strong></span> <span class='ocrx_word' id='word_1_343' title='bbox 526 3984 579 4051; x_wconf 80' lang='grc'><strong>28.</strong></span> <span class='ocrx_word' id='word_1_344' title='bbox 602 3988 666 4050; x_wconf 85' lang='lat' dir='ltr'><strong>llas</strong></span> <span class='ocrx_word' id='word_1_345' title='bbox 682 3986 788 4068; x_wconf 90' lang='lat' dir='ltr'><strong>copias</strong></span> <span class='ocrx_word' id='word_1_346' title='bbox 800 4007 820 4048; x_wconf 88' lang='lat' dir='ltr'><strong>a</strong></span> <span class='ocrx_word' id='word_1_347' title='bbox 834 3985 991 4050; x_wconf 88' lang='lat' dir='ltr'><strong>nonnullis</strong></span> <span class='ocrx_word' id='word_1_348' title='bbox 1007 4007 1083 4052; x_wconf 84' lang='lat' dir='ltr'><strong>sane</strong></span> <span class='ocrx_word' id='word_1_349' title='bbox 1094 3980 1237 4067; x_wconf 83' lang='lat' dir='ltr'><strong>partibus</strong></span> <span class='ocrx_word' id='word_1_350' title='bbox 1251 4005 1365 4068; x_wconf 72' lang='lat' dir='ltr'><strong>augere</strong></span> 
     </span>
    </p>
   </div>
   <div class='ocr_carea' id='block_1_6' title="bbox 204 4079 1362 4268">
    <p class='ocr_par' dir='ltr' id='par_1_7' title="bbox 204 4079 1362 4268">
     <span class='ocr_line' id='line_1_38' title="bbox 204 4079 1362 4174; baseline -0.003 -26"><span class='ocrx_word' id='word_1_351' title='bbox 204 4169 205 4172; x_wconf 8' lang='grc' dir='ltr'><strong>Ἴ</strong></span> <span class='ocrx_word' id='word_1_352' title='bbox 260 4085 379 4150; x_wconf 85' lang='lat' dir='ltr'><strong>licebit.</strong></span> <span class='ocrx_word' id='word_1_353' title='bbox 394 4079 487 4174; x_wconf 84' lang='lat' dir='ltr'><strong>[Add.</strong></span> <span class='ocrx_word' id='word_1_354' title='bbox 507 4085 658 4148; x_wconf 86' lang='lat' dir='ltr'><strong>Lndovici</strong></span> <span class='ocrx_word' id='word_1_355' title='bbox 667 4084 774 4149; x_wconf 87' lang='lat' dir='ltr'><strong>Wiese</strong></span> <span class='ocrx_word' id='word_1_356' title='bbox 790 4084 838 4145; x_wconf 93' lang='lat' dir='ltr'><strong>De</strong></span> <span class='ocrx_word' id='word_1_357' title='bbox 850 4084 892 4144; x_wconf 88' lang='lat' dir='ltr'><strong>M.</strong></span> <span class='ocrx_word' id='word_1_358' title='bbox 906 4083 976 4146; x_wconf 82' lang='lat' dir='ltr'><strong>Vel.</strong></span> <span class='ocrx_word' id='word_1_359' title='bbox 993 4082 1140 4151; x_wconf 70' lang='lat' dir='ltr'><strong>Macalla</strong></span> <span class='ocrx_word' id='word_1_360' title='bbox 1149 4080 1281 4148; x_wconf 82' lang='lat' dir='ltr'><strong>Corvini</strong></span> <span class='ocrx_word' id='word_1_361' title='bbox 1298 4082 1362 4146; x_wconf 82' lang='lat' dir='ltr'><strong>rita</strong></span> 
     </span>
     <span class='ocr_line' id='line_1_39' title="bbox 261 4175 835 4268; baseline 0.003 -25"><span class='ocrx_word' id='word_1_362' title='bbox 261 4195 294 4243; x_wconf 87' lang='lat' dir='ltr'><strong>et</strong></span> <span class='ocrx_word' id='word_1_363' title='bbox 306 4183 414 4248; x_wconf 86' lang='lat' dir='ltr'><strong>studiis</strong></span> <span class='ocrx_word' id='word_1_364' title='bbox 427 4180 589 4256; x_wconf 73' lang='lat' dir='ltr'><strong>doetrinae,</strong></span> <span class='ocrx_word' id='word_1_365' title='bbox 604 4182 707 4246; x_wconf 86' lang='lat' dir='ltr'><strong>Berol.</strong></span> <span class='ocrx_word' id='word_1_366' title='bbox 725 4175 835 4268; x_wconf 76' lang='lat' dir='ltr'><strong>teto]</strong></span> 
     </span>
    </p>
   </div>
   <div class='ocr_carea' id='block_1_7' title="bbox 0 0 1465 4840">
    <p class='ocr_par' dir='ltr' id='par_1_8' title="bbox 0 0 1465 4840">
     <span class='ocr_line' id='line_1_40' title="bbox 0 0 1465 4840; baseline 0 0"><span class='ocrx_word' id='word_1_367' title='bbox 0 0 1465 4840; x_wconf 95' lang='lat' dir='ltr'><strong> </strong></span> 
     </span>
    </p>
   </div>
  </div>
 </body>
</html>
