2904 4840
587 314 650 385 111

106 455 208 538 Quium
227 452 269 516 Μ.
297 453 420 516 Naevium
439 450 627 516 aurentii
643 450 767 519 tribuni
786 445 886 536 plebis
900 464 1084 520 accusarent
1100 458 1168 522 Sci·

64 568 206 652 pionem,
219 564 361 630 delendit
374 569 444 627 oum
457 561 534 648 Tib.
548 556 714 628 Gracchus
727 561 810 647 (Lir-
823 563 998 637 XXXVlll,
1017 563 1066 646 52)
1082 590 1090 624 ι
1112 587 1170 632 uec

66 677 173 728 tamen
185 661 375 726 eaor-atione
386 675 450 724 tum
461 681 532 726 usus
546 673 607 735 est,
622 681 690 745 quae
704 663 864 728 ferebatur
877 663 935 728 sub
949 661 1017 746 ejus
1027 663 1168 742 nomine3

63 766 197 828 aeuhaec
212 761 328 838 oratio,
340 762 478 846 decujus
492 775 624 831 auctore
636 765 741 829 Livius
757 766 890 842 dubitat,
908 767 947 830 ad
962 762 994 826 id
1005 761 1171 847 pertinuit,

63 880 102 929 ut
118 867 189 928 Tib.
202 865 370 930 Gracchus
388 865 571 947 Scipionem
586 866 764 948 aliqnando,
797 868 850 949 qui
866 867 1069 949 tribuniciam
1091 879 1175 949 pote·

62 974 180 1026 statem
194 963 366 1026 violaverat
380 962 459 1045 (Liv.
475 957 522 1024 ib.
539 982 568 1024 c.
589 964 660 1048 56),
675 964 906 1028 accusatoribus
916 966 1064 1047 eriperet.
1135 1019 1139 1024 .

327 1136 380 1209 'V.
408 1144 451 1210 L.
471 1137 648 1235 Papirius
664 1136 916 1234 Fregellanus.

112 1306 181 1370 Ciu
197 1305 289 1365 Brut.
306 1322 335 1364 c.
348 1299 402 1374 46,
421 1299 481 1362 170
499 1321 507 1361 t
524 1300 614 1382 Apud
628 1299 764 1382 majores
782 1289 903 1364 nostros
916 1302 1008 1364 video
1019 1301 1180 1365 disertissi-

67 1423 160 1463 mum
171 1399 312 1462 habitum
324 1417 363 1460 ex
377 1396 467 1462 Latio
481 1399 518 1460 L.
535 1396 696 1481 Papirium
707 1397 935 1478 Fregellanum,
952 1397 1024 1461 Tib.
1042 1401 1181 1464 Gracchi

67 1503 110 1564 Ρ.
130 1503 166 1562 ll.
183 1500 252 1561 lere
263 1509 372 1560 aetate.
363 1496 456 1579 .ejus
473 1497 568 1559 etiam
581 1497 683 1560 oratio
704 1509 751 1559 est
763 1517 821 1576 pro
835 1499 1031 1579 Fregellanis
1042 1499 1182 1560 coloniis
1207 1499 1229 1568 8

66 1617 132 1682 que
148 1597 280 1670 Latinis,
295 1592 429 1657 habite
419 1615 454 1658 m
462 1607 587 1657 Qsenatn

109 1705 169 1758 „att
185 1704 316 1773 Crocala]
339 1705 399 1758 Tib.
423 1707 499 1757 etC.
524 1703 715 1766 Gracchorum,
730 1703 898 1756 tribunorum
919 1703 971 1774 pl„
997 1706 1090 1774 patris.
1112 1706 1180 1759 Vide

144 1793 248 1846 Orellii
261 1805 350 1845 nomm
364 1792 472 1844 medat
485 1787 789 1862 majore.DeFregellia,
808 1789 909 1843 colonia
927 1791 1106 1842 Romanorum
1119 1792 1181 1844 inde

143 1881 182 1934 *ab
192 1899 264 1932 anno
278 1877 341 1944 lid,
356 1897 382 1932 v.
400 1879 535 1934 Mannum
546 1875 694 1930 Italiavol.
705 1878 727 1942 l,
738 1895 767 1948 p.
782 1878 844 1930 tta.
855 1877 893 1931 Ac
906 1873 1009 1947 dejure
1017 1876 1183 1934 colonitium

145 1967 396 2038 antiquissimarum
408 1967 464 2039 egit
484 1964 615 2026 Niebuhr.
631 1964 704 2019 ilict.
713 1965 791 2018 liam.
810 1963 865 2021 vol.
878 1963 913 2028 ll,
923 1983 952 2036 p.
968 1966 999 2024 ⁴8
1011 1963 1115 2035 equod.
1129 1981 1181 2018 sec.

405 2127 467 2207 Vl.
495 2131 545 2202 M.
576 2133 730 2206 Porcius
754 2132 859 2204 Cato.

474 2228 560 2326 [su.
585 2238 624 2328 p.
647 2231 789 2328 rtet]

127 2397 171 2462 Ut
187 2396 323 2458 editores
337 2393 514 2458 orationum
533 2385 696 2458 Ciceronis
715 2393 797 2456 bene
820 2393 970 2473 lecerunt,
1001 2399 1084 2484 quod
1100 2394 1186 2480 justo

86 2517 238 2561 annorum
253 2495 373 2568 ordine,
391 2515 450 2579 quo
462 2493 591 2574 singulae
604 2507 676 2556 sunt
687 2493 813 2570 habitae,
827 2515 880 2558 eas
888 2511 1124 2571 recensuerunt,
1142 2499 1188 2560 sic

16 2663 18 2668 ,
87 2616 146 2677 ege
161 2597 315 2680 imprimis
331 2596 503 2660 amandum
521 2615 587 2658 esse
602 2593 787 2671 existimavi,
812 2608 847 2660 ut
868 2597 1024 2660 orationes
1047 2597 1186 2668 Catonis,

87 2712 218 2776 quarum
237 2713 293 2775 par
313 2704 360 2755 est
380 2712 538 2765 numerus,
557 2711 710 2754 annorum
734 2690 828 2754 series
841 2691 1010 2773 exciperet.
1028 2693 1065 2754 ld
1086 2705 1189 2756 autem

86 2789 150 2872 jam
161 2801 236 2853 ante
243 2809 293 2852 me
302 2791 336 2851 in
347 2789 491 2874 pluribus
502 2787 657 2852 amonius
666 2789 784 2870 Popma
796 2788 960 2870 explorare
969 2788 1096 2861 studuit,
1109 2789 1190 2852 Lion

88 2907 165 2964 sero
179 2888 377 2967 (Calamona,
390 2885 536 2970 Gotting.
547 2885 647 2970 ’1826)
666 2887 700 2949 in
718 2887 815 2948 nulla.
841 2887 913 2949 Haec
929 2902 1032 2952 autem
1054 2887 1135 2951 ratio
1150 2891 1191 2954 ad
1298 2959 1300 2968 Α

10 2993 12 3000 “
89 2985 270 3048 interiorem
284 2984 350 3067 ejus
363 2987 426 3049 viri
440 2984 649 3068 cognitionem
664 2983 792 3047 multum
805 2983 900 3047 valet.
914 2984 1110 3048 Exstiteront
1122 2986 1191 3068 ejus

91 3087 245 3150 orationes
273 3079 404 3169 amplius
425 3100 549 3151 centum
570 3086 815 3170 quinquaginta,
846 3107 922 3168 quas
943 3087 1054 3168 legisse
1078 3089 1192 3154 Cicero
1255 3139 1261 3154 .

91 3184 202 3248 scribit
214 3186 248 3249 in
265 3188 363 3250 Bruto
377 3205 406 3249 c.
426 3185 477 3258 ll,
491 3189 542 3262 65,
558 3187 601 3248 ita
616 3198 652 3247 ut
666 3205 795 3248 numero
805 3184 1003 3261 Ciceronem,
1021 3171 1107 3273 cujus
1118 3210 1190 3252 cen-

92 3295 156 3346 tnm
169 3283 345 3347 orationum
359 3281 424 3347 lere
438 3281 583 3345 notitiam
595 3281 755 3354 hahemus,
774 3302 838 3345 non
854 3283 953 3346 solum
967 3299 1113 3368 aequaret,
1139 3285 1196 3374 sed
1274 3337 1278 3346 .

93 3381 190 3442 multo
213 3382 358 3446 anteiret.
389 3380 480 3444 Nunc
504 3379 636 3458 vestigia
664 3379 837 3458 nonaginta
869 3377 1046 3444 orationum
1069 3380 1215 3446 Catonis¹

94 3477 259 3561 (Popmaet
267 3479 346 3541 Lion
357 3491 475 3561 septem
486 3487 518 3540 et
529 3475 725 3558 septuaginta
735 3478 970 3564 enumerarunt)
984 3478 1097 3540 relicta
1106 3487 1191 3538 sunt.

95 3567 248 3641 llis-amur
267 3597 342 3642 sane
363 3579 547 3642 immensam
570 3575 727 3638 actionum
747 3577 867 3659 copiam
886 3577 977 3661 hujus
995 3574 1075 3651 riri,
1102 3591 1194 3658 atque

95 3671 347 3762 operaepretium
364 3693 420 3755 est,
438 3697 544 3742 causas
557 3676 624 3760 ejus
636 3674 686 3738 rei
698 3669 891 3758 inquirendi..
909 3679 948 3738 In
960 3675 1016 3737 doc
1029 3681 1101 3736 viro
1111 3693 1195 3738 tanta

95 3784 145 3840 ois
163 3783 264 3840 animi
286 3783 460 3865 ingeniique
473 3780 553 3864 ficit,
571 3791 606 3840 ut
627 3775 733 3840 Livius
752 3778 849 3841 tradit
863 3775 1030 3856 (xxxix,
1046 3776 1128 3862 40),
1146 3796 1195 3852 ut,

24 3865 27 3876 ⁵
95 3897 281 3963 quocumque
297 3877 368 3938 Ioco·
385 3889 471 3936 name
485 3889 576 3945 esset,
593 3877 755 3958 firtonum
778 3876 837 3937 sibi
856 3879 924 3957 ipse
933 3879 1077 3958 fiuctums
1089 3881 1197 3962 fitisse

97 3977 260 4036 videremr.
276 3975 373 4038 Nulla
384 3995 436 4033 ars
445 3995 542 4060 neque
551 3979 684 4053 privatae
699 3995 796 4060 neque
803 3971 937 4054 publicae
951 3978 999 4036 rei
1009 3977 1154 4058 gerendae
1168 3980 1200 4034 ei
1283 4043 1286 4058 Ι

97 4074 203 4154 deficit·
233 4074 374 4134 Urbanas
402 4076 592 4158 rusticasque
612 4093 663 4134 res
682 4076 801 4152 pariter
820 4071 960 4134 callebat.
985 4074 1197 4152 Aci-summos

98 4169 229 4234 honores
238 4172 315 4233 alios
329 4175 454 4232 scientia
463 4167 555 4252 jacie,
569 4173 648 4232 allos
662 4172 839 4253 eloquentia,
856 4171 936 4232 allos
946 4169 1043 4250 gloria
1055 4167 1198 4227 militaris
