2934 4846
745 387 778 432 vt

209 525 253 572 ex
264 499 498 598 recognitam
509 503 876 598 meastagmentorum
891 500 1083 584 Ciceronis,
1095 513 1201 597 quam
1215 517 1308 597 post·

208 646 253 694 aa
268 645 349 692 oum
368 620 501 694 Orellio
519 635 658 710 nostro,
678 621 754 694 viro
778 619 985 709 clarissimo,
1001 622 1150 695 editioni
1162 622 1238 720 ejus
1251 623 1309 694 in·
1345 624 1351 630 '

207 748 405 834 serendam,
427 749 695 821 communicavi.
712 749 771 822 ste
788 749 931 822 tandem
945 746 1108 822 collectio
1127 763 1307 824 oratorum

206 870 473 968 qualiacumque
489 886 570 942 nata
582 886 650 960 est,
666 895 777 968 eaque
793 872 902 968 prima
917 887 991 961 est3
1010 872 1106 970 quod
1119 873 1200 947 ideo
1213 897 1308 970 prn-

208 1001 303 1083 dinn,
331 999 427 1096 quod
446 1000 596 1097 primum
612 1001 781 1100 quodque
803 1000 1000 1099 perieulum
1026 1000 1161 1074 facilius
1175 1003 1212 1074 in
1227 1027 1308 1074 omn

208 1123 411 1196 reveniam
441 1138 546 1220 atque
571 1123 826 1218 indulgentiam
854 1125 1042 1222 impetrare
1073 1123 1191 1199 debet.
1224 1127 1314 1196 Nam

210 1267 340 1348 praeter
353 1250 500 1326 Catonis
515 1254 711 1340 arationes,
733 1274 822 1347 quas
836 1253 1021 1326 Arasonius
1036 1255 1167 1351 Popma
1184 1255 1312 1326 Frane·

209 1400 330 1474 querar
354 1401 447 1450 anno
469 1376 561 1448 1620
584 1374 692 1448 edidit
715 1390 751 1446 et
772 1374 861 1449 Lion
879 1397 992 1471 nuper
1013 1374 1194 1470 Gottingae
1217 1376 1307 1451 1826

209 1503 365 1578 secane*
381 1501 534 1598 repetiit,
560 1517 675 1574 cetera
694 1499 891 1596 fragmenta
916 1517 1099 1598 nunquam
1117 1523 1233 1598 usque
1252 1504 1313 1574 ad·

210 1624 282 1696 hoc
302 1638 386 1696 sunt
403 1636 582 1717 congesta.
601 1623 823 1720 Quamquam
840 1636 959 1696 autem
973 1623 1024 1694 M.
1051 1621 1200 1694 Porcius
1218 1610 1307 1694 Cato

136 1839 139 1845 .
203 1749 393 1844 maximam
409 1747 476 1822 sibi
491 1747 639 1844 gloriam
656 1749 751 1820 inter
764 1762 925 1818 oratores
937 1746 1093 1844 priorum
1106 1744 1307 1820 seculorum

208 1879 418 1976 peperisset,
446 1877 536 1948 adeo
565 1891 604 1948 ut
628 1877 781 1972 optimus
808 1891 941 1964 orator,
969 1875 1122 1972 optimus
1154 1890 1308 1962 senator,

208 2007 367 2102 optimus
388 2006 580 2102 imperator
600 2006 857 2092 nominaretur,
873 2004 1085 2078 exstiterunt
1100 2019 1218 2076 tamen
1236 2006 1309 2100 jam

205 2147 290 2206 ante
305 2155 384 2206 eum
401 2129 504 2205 multi
515 2130 595 2218 viri,
612 2153 760 2228 quorum
778 2131 959 2202 orationes
976 2131 1079 2202 etiam
1095 2143 1200 2203 aetate
1219 2129 1309 2202 Livii

207 2259 431 2356 legebantur,
454 2275 491 2332 et
513 2260 607 2331 inter
630 2257 782 2356 aequales
804 2274 901 2330 tanta
917 2256 1107 2332 illustrium
1128 2273 1308 2330 oratorum

205 2382 309 2479 ¹tetrpia
322 2381 400 2470 fuit,
418 2381 511 2452 ulad
526 2381 763 2477 coguitionem
776 2381 1073 2476 praestantissime
1088 2379 1198 2478 partis
1212 2379 1307 2450 Lati·

208 2533 336 2584 narum
358 2508 537 2582 literarum
554 2508 748 2605 fragmenta
762 2530 885 2580 eorum
903 2531 976 2578 non
1003 2506 1143 2604 possint
1164 2522 1310 2603 praeter·

208 2638 309 2714 mitti.
336 2639 492 2712 Fuerunt
510 2655 637 2712 revera
655 2635 750 2734 apud
774 2638 966 2710 Romanos·
976 2632 1119 2732 plurimi
1133 2650 1305 2721 oratores,

208 2779 245 2836 et
259 2788 303 2838 eu
319 2762 389 2838 hoe
404 2761 584 2836 literarum
597 2787 733 2858 genere
745 2761 858 2837 multo
873 2759 973 2858 plura
987 2759 1183 2833 edebantur
1201 2783 1308 2855 opera

208 2913 312 2990 quam
326 2917 370 2963 ex
389 2891 545 2988 reliquia.
567 2892 734 2962 Novimus
748 2892 843 2962 enim
856 2905 1000 2961 eentum
1019 2905 1056 2960 et
1070 2888 1190 2982 viginti
1205 2888 1305 2984 quin·

207 3039 276 3113 que
301 3029 476 3102 oratores,
497 3015 557 3111 qui
579 3013 758 3084 orationes
780 3012 929 3108 scriptas
947 3008 1186 3108 reliquerunt,
1209 3009 1307 3108 isque

208 3155 381 3216 numerus
389 3139 488 3212 facile
501 3137 669 3234 duplicari
680 3154 811 3234 posset,
824 3134 944 3208 silibri
953 3137 1163 3232 superstites
1173 3151 1306 3223 essent,

209 3264 270 3360 qui
294 3261 479 3337 historiam
494 3259 672 3332 literarum
690 3274 751 3330 aut
772 3260 858 3332 artis
883 3257 1048 3331 oratoriae
1070 3258 1212 3355 proprie
1237 3273 1306 3327 tra-

208 3387 368 3462 otobant.
380 3388 459 3482 Ego
472 3409 615 3484 quoque
631 3384 751 3482 plures
764 3407 949 3476 recensere
964 3383 1170 3478 potuissem,
1187 3383 1215 3452 si
1226 3404 1307 3452 con-

203 3513 354 3607 jecturae
369 3510 479 3605 magis
495 3533 598 3607 quam
616 3508 817 3580 auctoritati
829 3504 1221 3591 confidere'voluissem
1244 3503 1305 3574 sed

209 3636 301 3733 elegi
316 3661 379 3710 eos
397 3652 546 3722 tantum,
563 3657 714 3732 quorum
732 3633 777 3706 de
795 3630 1015 3705 orationibus
1031 3645 1129 3702 certa
1145 3643 1305 3700 veterum

132 3815 135 3824 »
209 3768 615 3864 'testimoniaexstabont
631 3771 743 3842 Omisi
756 3771 862 3866 igitur
875 3767 1120 3866 paeneinvitus
1128 3767 1300 3838 Caesarem

215 4069 224 4098 Ι
247 3989 259 4013 *
274 3991 340 4044 Vide
353 4008 488 4046 censuram
503 4008 585 4042 meam
603 3989 628 4041 in
644 3988 730 4040 lahnii
741 3985 819 4040 Novis
832 3985 967 4040 annalibus
983 3985 1062 4048 rear,
1078 3983 1166 4035 fascic.
1184 4000 1220 4046 tv,
1234 3997 1296 4051 pag.

212 4073 265 4135 ulfi
277 4085 334 4140 sqq.
963 4065 968 4074 '
