2934 4846
210 971 463 1056 HISTORIA
494 974 846 1076 ELOQUENTIAE
879 975 1130 1060 ROMANAE.

554 1247 785 1276 a*-

161 1543 192 1604 1.
214 1543 301 1624 sepe
323 1553 356 1606 et
373 1541 518 1618 multum,
534 1543 583 1607 ito
599 1555 715 1607 utnon
735 1545 817 1608 torte
832 1543 947 1608 laetum
967 1557 1135 1627 appareat,
1158 1545 1223 1610 elo·-

112 1638 251 1723 queatioe
266 1638 385 1702 Latine
394 1638 540 1723 prinoeps
550 1640 586 1703 in
596 1659 635 1703 ea
645 1661 681 1704 re
695 1641 890 1716 immoratur,
906 1651 942 1703 nt
954 1643 1114 1716 teteudat,
1128 1662 1219 1724 qnam

111 1761 132 1804 e
148 1740 289 1804 moribus
301 1740 508 1804 hominemex
521 1738 731 1824 institutisque
745 1742 907 1806 trinutum
920 1740 1071 1826 produnt,
1084 1754 1117 1804 et
1130 1761 1220 1823 quarn

111 1860 180 1904 sure
197 1839 326 1922 originis
348 1840 436 1921 quusi
449 1839 575 1923 premia
588 1842 700 1904 reddm
713 1861 765 1904 ars
782 1841 956 1925 eloquendi.
976 1839 1171 1904 munus
1183 1840 1217 1905 in

112 1961 172 2018 eo,
187 1953 222 2004 ut
234 1940 439 2004 eonfitesmnr
453 1941 580 2004 insitum
598 1963 663 2008 mse
678 1963 697 2006 a
714 1955 829 2006 natura
841 1941 1018 2008 hominibus
1030 1954 1065 2004 ot
1082 1940 1219 2006 omnium

113 2039 232 2103 artium
241 2041 286 2103 sic
296 2042 452 2124 precipua
463 2041 588 2105 dicendi
598 2043 677 2106 artis
687 2042 1041 2108 elaborandmstudinm.
1056 2040 1220 2122 Numquid

111 2136 223 2200 verbis
235 2155 312 2219 opus
322 2150 387 2214 est,
403 2149 439 2201 ut
456 2138 626 2221 probetur,
641 2140 733 2206 nulla
741 2160 777 2204 re
790 2140 889 2221 magis
902 2158 921 2202 a
935 2137 1106 2222 pecudibus
1120 2136 1219 2202 homi-

46 2312 49 2320 ·
112 2253 207 2308 nem,
223 2253 315 2314 qnam
332 2235 455 2300 ratione
469 2248 502 2300 et
517 2236 659 2300 oratione
676 2236 953 2302 eeoeruilnnllem
971 2236 1011 2300 ud
1024 2253 1150 2298 omnem
1166 2253 1219 2297 na·

110 2341 219 2396 turam
241 2331 407 2394 humanam
427 2343 460 2395 et
485 2331 644 2413 ingenium
672 2334 874 2398 exoolendum
901 2334 1110 2418 potentiorem
1130 2328 1228 2394 essel‘

111 2427 222 2511 Quare
237 2447 307 2490 eum
321 2427 436 2512 ubique
452 2431 494 2494 sit
510 2430 661 2494 orationis
673 2450 760 2508 usus,
776 2449 867 2512 quam
880 2431 1065 2496 maturrime
1077 2427 1219 2492 homines

112 2526 164 2590 vel
184 2545 294 2609 parum
315 2527 414 2592 cultos
428 2527 464 2590 in
481 2546 519 2590 eo
531 2528 672 2592 videmus
688 2529 811 2590 laudm
826 2547 943 2612 ponere
963 2529 1115 2610 aliquam,
1135 2525 1216 2606 quod

111 2627 202 2690 inter
215 2649 287 2692 snos
301 2628 422 2709 eloquio
435 2627 599 2692 excellant.
626 2629 709 2712 Quid
723 2630 837 2694 mirum
855 2629 961 2709 igitur,
983 2630 1011 2692 si
1034 2628 1115 2710 apud
1131 2628 1218 2692 Grae-

112 2749 170 2794 eos
186 2727 396 2811 potissimum,
414 2727 615 2807 elegantioris
628 2725 835 2798 'humanitate
855 2740 999 2792 auemres
1015 2739 1048 2792 et
1068 2725 1220 2799 cultores,

1 2899 2 2904 ἵ
112 2845 186 2890 eum
199 2827 334 2907 primum
347 2827 387 2888 de
396 2824 546 2888 barbarie
560 2838 771 2899 emerserant,
785 2826 1008 2909 civitatumque
1018 2837 1051 2890 et
1061 2837 1160 2888 statne
1169 2843 1220 2907 po·

112 2923 229 2988 litionis
256 2921 457 2986 fundamenta
488 2937 677 3006 posuerant,
698 2943 823 2988 sensum
851 2925 1016 3007 eloquendi
1038 2922 1165 3007 prodire
1188 2935 1221 2986 et

1 3015 2 3018 '
112 3019 277 3101 equalium
289 3020 430 3084 laudibus
450 3021 606 3086 celebrari
619 3019 782 3084 ridemus?
795 3023 872 3086 lade
889 3023 979 3088 toties
1009 3022 1139 3084 sudatus
1158 3020 1219 3083 ilo·

113 3141 238 3197 merus,
250 3121 303 3202 qui
316 3121 456 3204 Ulyssem
470 3124 693 3205 Nestoremque
715 3125 858 3188 ornando
874 3124 922 3186 sui
937 3122 1087 3203 temporis
1098 3141 1221 3186 sensum
1331 3209 1333 3214 Ι

114 3223 274 3307 patefacit.
287 3225 394 3306 Neque
404 3245 475 3286 cum
485 3224 681 3308 Quintiliano
690 3225 835 3288 dissentit
843 3224 1004 3307 quisquam
1017 3221 1077 3308 (X,
1097 3223 1111 3286 1
1126 3266 1137 3296 ,
1152 3222 1220 3308 lb),

114 3344 186 3386 eum
205 3323 343 3386 omnium
360 3324 486 3390 dicendi
499 3344 648 3405 generum
671 3324 924 3409 prestantissima
940 3324 1083 3408 exempla
1102 3324 1142 3388 ab
1162 3323 1221 3386 Ho-

115 3443 203 3486 mero
212 3424 370 3507 proposita
382 3437 416 3488 et
429 3424 597 3488 imitationi
612 3436 735 3488 ostensa
750 3437 868 3488 eenset.
887 3426 978 3510 Qned
991 3443 1068 3488 reru
1082 3420 1221 3506 pluribus

115 3515 193 3583 locis
212 3521 256 3582 Μ.
278 3521 396 3586 Tullius
411 3517 507 3605 (artis
526 3521 622 3586 nimio
644 3541 750 3586 surore
765 3522 844 3586 lerri
862 3520 1106 3605 animadvertas)
1120 3519 1219 3583 incul-

116 3629 184 3693 cat,
206 3618 348 3681 canditas
362 3619 540 3702 eloquentia
563 3619 720 3697 civitates,
741 3621 842 3704 posita
861 3619 998 3686 melioris
1019 3617 1221 3682 humanitatis

116 3718 336 3796 fundamenta,
352 3719 552 3786 obliteratam
569 3739 690 3784 morum
709 3721 883 3798 feritatem,
899 3719 1070 3786 discordias
1087 3731 1121 3784 et
1137 3719 1221 3782 bella

116 3817 239 3892 sedata,
260 3817 350 3880 malis
373 3830 437 3880 tum
457 3816 589 3902 publicis
616 3830 681 3880 tum
704 3818 835 3902 priuatis
857 3837 1020 3882 oecnmam
1039 3837 1126 3880 esse:
1141 3816 1220 3890 hec,

116 3913 251 3994 inquam,
265 3936 307 3987 ‚ex
316 3916 502 3999 improbatis
515 3918 563 3980 De
577 3915 759 3980 inventione
770 3915 861 3980 libris
872 3914 926 3999 (1,
945 3917 959 3978 1
975 3914 1064 4001 sqq.)
1080 3916 1114 3978 iu
1125 3913 1220 3976 dialo-

116 4027 169 4086 gss
186 4012 234 4074 De
251 4026 377 4076 oratore
392 4008 440 4096 (l,
457 4017 477 4078 8
492 4011 580 4095 sqq.)
594 4025 801 4098 transumpta,
820 4014 961 4096 quamvis
974 4016 1014 4077 de
1025 4009 1219 4097 philosophia

118 4109 225 4173 eadem
235 4114 383 4192 pmdioet
393 4114 508 4199 Qooest.
522 4115 615 4178 'lusc-
628 4117 673 4190 V,
688 4115 708 4179 2
716 4159 727 4190 ,
741 4117 777 4189 5,
789 4115 902 4198 partim
914 4116 1044 4179 multum
1054 4134 1074 4176 a
1083 4129 1159 4176 vero
1168 4107 1219 4170 ab·

116 4217 205 4283 sunt,
223 4210 336 4290 partim
358 4229 400 4274 ne
420 4212 504 4275 laudi
522 4213 646 4294 quidem
663 4215 805 4274 ducenda
825 4213 984 4274 uidentur.
1005 4211 1124 4274 Contra
1144 4226 1219 4270 sane

118 4303 323 4386 disputantem
340 4307 461 4372 induxit
480 4307 666 4381 scevolam,
684 4308 736 4386 qni
754 4307 926 4388 prudentiae
938 4305 1023 4389 cirili
1043 4314 1133 4370 aneta
1148 4305 1219 4368 ritae
