2904 4838
633 365 697 433 153

113 501 230 561 advorsi
240 503 368 566 eveniat,
387 499 468 582 quod
477 513 595 558 nostras
610 499 756 558 secundas
768 517 818 558 res
835 499 978 578 confluet,
994 517 1066 558 neve
1082 497 1144 558 liae
1158 501 1210 560 lco-

113 605 175 660 titia
185 603 276 659 nimis
286 599 442 659 luxuriose
455 604 580 660 eveniat.
598 599 809 680 Advorsteres
822 598 966 659 edomant
973 611 1003 657 et
1014 598 1129 669 docent,
1141 603 1215 682 quid

112 716 183 776 opus
198 701 237 756 sit
245 698 362 775 facto,·
375 695 516 756 secunda
533 716 582 756 res
595 697 700 755 laetitia
720 711 926 756 transvorsum
944 697 1065 754 trudere
1080 695 1174 755 solent
1195 721 1214 755 a

113 807 193 854 recte
210 795 394 854 consulendo
407 808 499 877 atque
512 793 718 874 intelligendo.
737 795 804 875 Quo
821 790 942 875 majore
957 812 1049 872 opere
1061 793 1130 851 dico
1148 813 1215 851 sua·

114 895 238 978 deoque,
254 897 297 950 uti
311 891 375 953 baec
393 913 443 952 res
458 893 571 976 aliquot
585 895 651 953 dies
664 895 853 974 proferatur,
873 895 997 953 dumea
1011 908 1093 954 tanto
1104 893 1217 972 gaudio

115 999 146 1053 in
157 1006 338 1072 potestatem
352 1007 488 1053 nostram
503 987 674 1052 redeamus.

156 1091 259 1176 Atque
270 1111 329 1170 ego
344 1091 467 1172 quidem
484 1087 626 1162 arbitror,
642 1085 830 1149 Rhodienses
851 1087 981 1150 ualuisse
998 1110 1052 1148 nos
1068 1095 1111 1150 ita
1127 1092 1219 1170 depu-

114 1211 222 1271 gnare,
246 1195 290 1248 uti
307 1191 513 1268 depugnatum
532 1203 588 1258 est,
613 1207 710 1273 neque
737 1208 844 1268 regern
866 1189 984 1248 Persen
1005 1195 1131 1250 uicisse.
1157 1191 1221 1250 Non

117 1289 301 1350 libadr'enses
315 1287 405 1346 modo
422 1285 456 1344 id
464 1285 596 1360 noluere,
611 1287 669 1347 sed
684 1285 793 1346 multos
803 1287 933 1365 populos
942 1301 1032 1371 atque
1046 1288 1157 1347 multas
1170 1310 1222 1346 na·

117 1391 216 1446 tiones
237 1386 317 1444 idern
330 1383 463 1444 noluisse
475 1384 618 1444 arbitror.
641 1387 742 1468 Atque
756 1381 840 1442 baud
855 1387 918 1444 scio
928 1406 968 1442 an
981 1388 1098 1462 p'artim
1116 1405 1223 1444 eorum

111 1486 247 1563 fuerint,
272 1489 324 1568 qui
347 1503 406 1542 non
424 1499 535 1544 nostrie
552 1483 741 1544 contumelia²
757 1503 850 1543 causa
869 1485 903 1541 id
916 1484 1062 1543 notuerint
1076 1489 1223 1544 euenire.-

117 1587 174 1644 sed
184 1589 269 1644 enim
281 1585 316 1642 tt
327 1598 473 1652 metuere,
489 1589 517 1641 si
528 1604 619 1643 nemo
629 1597 709 1643 esset
720 1569 822 1652 borno,
836 1604 927 1666 quem
937 1604 1124 1659 vereremur,
1133 1587 1226 1670 quod·

114 1705 173 1769 que
183 1684 296 1742 luberet
303 1684 494 1762 faceremus,
510 1702 549 1740 ne
566 1683 622 1744 sub
636 1681 701 1740 solo
716 1685 847 1760 imperio
862 1697 965 1741 nostro
976 1687 1008 1740 in
1021 1689 1163 1744 servitute
1173 1705 1224 1744 no·

118 1799 183 1844 stra
197 1797 297 1842 essent
305 1805 320 1856 ;
340 1780 486 1841 libertatis
507 1801 569 1840 suce
587 1801 679 1840 causa
692 1785 722 1838 in
742 1801 780 1839 ea
795 1784 944 1840 senteruiu
957 1781 1065 1860 fuisse
1079 1781 1223 1842 arbitror.

121 1883 229 1965 Atque
256 1875 444 1938 Rhodienses
467 1890 569 1936 tamen
593 1875 712 1936 Persen
733 1875 852 1955 publne
873 1899 1041 1962 numquam
1069 1873 1225 1958 adjuvere.

108 1982 275 2060 Cogitate,
292 1993 401 2062 quanto
425 1999 481 2037 nos
505 1982 584 2036 inter
606 1999 662 2037 nos
672 1981 818 2064 privatim
834 1981 952 2038 cautius
971 1980 1125 2058 facimus.
1147 1978 1227 2039 Nam

122 2099 198 2140 unus
209 2081 335 2163 quisque
349 2092 498 2151 nostrum,
519 2081 624 2161 siquis
638 2079 780 2139 advorsus
799 2098 866 2136 rem
878 2099 968 2138 suam
985 2079 1058 2162 quid
1063 2079 1137 2159 fieri
1147 2078 1228 2138 arbi·

124 2192 231 2247 tratur,
248 2195 373 2234 summa
388 2179 422 2232 vi
439 2189 545 2233 contra
557 2178 671 2249 nititur,
689 2194 728 2232 ne
746 2176 892 2236 advorsus
906 2175 1045 2256 earnfiat
1052 2205 1067 2256 ;
1086 2178 1168 2260 quod
1182 2175 1229 2234 illi
1256 2187 1300 2260 50

128 2289 231 2333 tamea
240 2274 390 2349 perpessi.

169 2371 216 2432 Ea
230 2391 311 2428 nunc·
326 2371 487 2448 derepente
508 2385 591 2427 tanta
608 2389 662 2428 nos
685 2370 829 2449 beneficia
844 2371 922 2430 ultro
949 2375 1082 2454 citroque
1098 2387 1227 2432 tantam·

125 2487 185 2552 que
194 2469 372 2526 amicitiam
388 2459 617 2548 relinquemus?
633 2465 723 2544 Quod
737 2464 807 2523 illos
818 2465 950 2526 dicimus
965 2466 1229 2548 uoluissesucere,

127 2570 160 2628 id
169 2589 224 2626 nos
235 2570 352 2645 priores
354 2567 467 2646 facere
480 2561 720 2642 occupabimusl
1136 2643 1137 2646 Ἴ

174 2667 237 2748 Qui
248 2670 402 2724 acerrime
415 2665 560 2724 advorsus
569 2684 622 2722 eos
636 2665 721 2735 dicit,
736 2667 779 2721 ito
793 2665 874 2734 dicit,
891 2662 987 2723 bostis
1001 2664 1228 2746 voluissefieri.

130 2765 249 2849 Ecquis
263 2776 308 2822 est
320 2763 443 2822 tandem
459 2765 511 2846 qui
525 2775 710 2830 nostrorum,
728 2761 809 2844 quod
828 2761 870 2820 od
879 2779 945 2819 sese
960 2764 1095 2836 attineat,
1110 2783 1232 2848 aequum

129 2879 263 2934 censeat,
274 2885 383 2943 peenas
399 2865 474 2922 dare
489 2861 527 2922 ob
542 2884 614 2922 eam
625 2882 707 2932 rem,
723 2863 804 2947 quod
810 2876 959 2942 arguatur
968 2861 1166 2942 malefacere
1180 2886 1233 2924 uo·

132 2965 254 3030 luisse?
270 2963 367 3026 Nemo
377 2971 488 3043 opinor
498 2991 508 3023 .·
520 2986 595 3024 nam
605 2985 675 3044 ego,
690 2965 772 3049 quod
783 2965 826 3024 ad
837 2983 888 3023 me
896 2967 1014 3033 attinet,
1030 2964 1139 3025 nolim.

176 3065 260 3145 Quid
277 3059 380 3120 nunc?
395 3063 504 3146 Ecqua
519 3063 643 3122 tandem
653 3062 708 3122 lex
721 3075 767 3120 est
780 3075 844 3120 tam
853 3061 979 3134 acerba,
1000 3083 1069 3144 quce
1088 3062 1190 3122 dicat:
1203 3063 1240 3122 Si

130 3171 201 3251 quis
212 3158 402 3248 illudfacere
411 3145 551 3238 noluerit,
567 3162 652 3221 mille
666 3165 799 3230 nummi,
811 3163 975 3220 dimidium
974 3161 1114 3242 familiae
1126 3162 1238 3222 mulcta

130 3279 224 3339 esto,·
239 3269 268 3324 si
290 3268 359 3350 quis
377 3263 446 3340 plus
459 3256 733 3346 quingentaJugera
758 3259 869 3321 babere
892 3261 1034 3335 uoluerit,
1050 3275 1134 3322 tanta
1150 3281 1240 3339 patna

131 3378 212 3432 esto,
221 3376 250 3421 et
261 3365 360 3447 siquis
370 3355 662 3444 majorempecuum
673 3377 836 3416 tzunterum
842 3355 957 3418 babere
967 3359 1106 3433 uoluerit,
1121 3371 1238 3416 tautum

132 3465 264 3522 damnas
279 3476 342 3521 esto
353 3458 368 3518 l
380 3459 477 3543 Atqui
490 3477 545 3517 nos
559 3461 664 3516 omnia
671 3456 761 3534 pluro
773 3455 885 3516 babere
895 3458 1050 3528 sommus,
1065 3471 1095 3516 et
1108 3458 1144 3514 id
1154 3457 1241 3518 nobis

132 3569 260 3642 impune
270 3576 327 3621 est.

178 3659 243 3720 Sed
257 3661 286 3717 si
300 3656 444 3716 bonorem
458 3677 517 3716 nan
535 3675 655 3739 equum
667 3670 712 3714 est
725 3652 830 3714 baberi
844 3653 882 3714 ab
891 3675 963 3718 eam
979 3675 1059 3723 rem,
1074 3655 1156 3739 quod
1168 3656 1244 3716 bene

128 3759 244 3838 facere
264 3755 389 3818 voluisse
405 3757 472 3838 quis
487 3757 569 3822 dicit,
590 3771 684 3836 neque
689 3752 775 3831 fecit
788 3767 892 3812 tamen
904 3777 915 3810 .·
926 3750 1146 3817 Rhodiensibus
1164 3755 1245 3816 male

137 3865 210 3932 erit,
225 3878 286 3918 nort
305 3855 386 3940 quod
397 3855 635 3935 malefecerunt,
652 3855 708 3914 sed
719 3858 792 3937 quia
811 3853 945 3914 voluisse
959 3853 1245 3938 dicuntursacere?

180 3959 368 4021 Rhodienses
390 3956 537 4032 superbos
556 3975 624 4014 esse
637 3957 735 4028 aiunt,
758 3955 792 4011 id
803 3947 1000 4032 objectantes,
1022 3959 1106 4041 quod
1120 3957 1199 4016 milri
1218 3970 1249 4014 et

137 4054 247 4114 liberis
270 4057 347 4114 meis
367 4055 493 4124 minime
515 4053 576 4110 dici
594 4053 699 4114 uelim.
716 4051 785 4112 Sint
806 4071 879 4122 sone
899 4051 1033 4128 superbi.
1055 4055 1140 4132 Quid
1156 4053 1191 4112 id
1207 4055 1250 4112 ad

137 4173 194 4212 nos
207 4155 311 4209 attinet
325 4148 340 4206 i
362 4149 439 4210 ldae
457 4153 642 4225 irascimini,
656 4151 770 4230 siquis
785 4147 946 4225 superbior
958 4160 1003 4208 est
1016 4133 1111 4230 quarn
1124 4147 1207 4210 nos?
1286 4178 1290 4187 ·

1101 4273 1137 4325 20
