2934 4846
133 479 135 484 '
257 471 344 552 vlit,
365 479 413 552 10,
430 477 459 553 1,
475 477 683 562 Quintilianus
696 479 725 550 l,
743 479 792 552 10,
810 477 861 550 21,
885 479 920 538 Α.
933 476 1053 542 Gellius
1065 475 1090 549 1,
1112 475 1160 550 11,
1183 473 1342 537 exhibent.

254 574 458 637 lheeroniano
478 576 512 636 in
530 577 598 638 loco
620 587 747 638 rectene
766 593 823 656 pro
845 572 965 637 Licinio
992 573 1161 658 Erycinum
1185 573 1345 656 scripserit

254 673 400 736 Ernestus
412 691 473 735 non
488 671 555 736 sine
570 693 661 737 cansa
671 671 792 737 dubitat
806 673 963 756 Spalding.
978 676 1017 735 ad
1030 673 1162 756 Quintil.
1174 671 1196 734 l.
1212 693 1241 734 c.
1252 671 1346 735 schu-
1459 745 1460 764 Χ

252 767 329 829 trias
353 782 514 849 utrumque
535 789 646 832 nomeu
673 771 809 852 recepit,
830 771 863 832 in
886 791 944 852 quo
973 771 1155 832 Plutarchus
1181 783 1214 831 et
1227 769 1346 834 Gellius
1456 769 1460 812 t

249 867 442 949 conspirant.
456 869 526 930 Non
536 866 785 953 improbabiliter
805 869 932 945 lactum,
950 869 975 931 si
993 869 1170 949 cogitemus,
1189 868 1343 931 Licinium

251 965 333 1026 hunc
345 966 513 1045 Erycinum
525 968 626 1046 gentis
638 967 766 1030 Liciniae
787 967 932 1056 libertum
954 987 1023 1030 cum
1035 967 1172 1032 Gracchi
1187 987 1281 1029 uxore
1295 965 1343 1029 Li·

251 1063 334 1126 ciuia
344 1063 378 1127 in
396 1065 462 1150 ejus
476 1058 653 1132 clientelam
666 1067 798 1132 venisse.
818 1069 958 1149 lnslgues
968 1069 1006 1132 de
1023 1069 1157 1132 Gracchi
1169 1067 1343 1150 eloquentia

248 1162 354 1224 laudes
365 1162 561 1246 reperiuntur
572 1165 640 1228 Cic.
655 1163 743 1228 Brut.
757 1186 787 1229 e.
806 1167 857 1228 3³.
875 1170 960 1229 Idem
975 1169 1023 1230 Dc
1033 1180 1113 1230 orat.
1124 1167 1182 1242 111,
1199 1169 1250 1241 56,
1264 1165 1340 1240 214,

248 1261 282 1321 in
296 1261 491 1323 vehementia
515 1261 581 1342 eptas
603 1261 776 1324 extollenda
791 1281 860 1324 cum
877 1261 994 1342 judicio
1019 1264 1162 1348 populari
1176 1264 1340 1335 consentit,
1459 1257 1460 1270 ¹

248 1357 335 1438 cnjus
346 1359 513 1441 Appuleius
526 1360 613 1441 Apol.
630 1381 662 1442 p.
680 1359 736 1420 551
756 1364 806 1422 ed.
820 1361 899 1420 Elm.
911 1359 951 1442 (p.
964 1365 1003 1424 aa
1019 1362 1066 1422 ed.
1085 1355 1163 1444 Bip.)
1175 1376 1207 1422 et
1218 1365 1256 1423 Α.
1270 1361 1342 1426 Gel-

246 1456 353 1528 lintax,
366 1456 396 1528 3,
409 1469 502 1518 testes
511 1467 645 1530 exstant,
659 1457 797 1537 quamvis
806 1453 955 1518 Catonem
962 1455 1049 1518 illum
1063 1468 1202 1518 veterem
1214 1458 1247 1518 in
1260 1457 1341 1518 simi·

244 1551 324 1612 libus
334 1553 412 1614 locis
426 1552 597 1615 tractandis
606 1553 706 1614 rideri
715 1554 999 1616 nervosioremnon
1010 1550 1188 1615 dilliteatnr.
1202 1554 1263 1616 Sed
1277 1571 1342 1615 uon

246 1650 321 1710 satis
335 1651 506 1730 prudenter
515 1652 600 1712 locos
614 1651 817 1715 Gracchanos
832 1651 936 1730 elegit.
953 1651 1033 1712 Nam
1047 1663 1155 1712 auctor
1164 1649 1258 1712 etiam
1270 1649 1344 1712 Dia·
1458 1629 1460 1672 i

245 1747 308 1826 logi
322 1749 370 1809 De
383 1762 476 1810 oratt.
496 1768 526 1811 c.
546 1748 597 1823 18,
624 1748 795 1832 pleniorem
809 1749 939 1821 Catone,
955 1760 1025 1810 ctc.
1045 1747 1098 1825 26,
1112 1747 1343 1810 vehementiam
1458 1763 1460 1768 ’

245 1846 312 1929 ejus
324 1847 509 1910 calamistris
524 1845 851 1926 Mucenattanistunge
864 1845 1088 1928 praeferendam
1099 1845 1231 1928 judicat.
1251 1848 1341 1908 Ama·
1459 1847 1460 1856 ’

244 1949 379 2010 ritudine
398 1963 430 2010 et
450 1949 615 2011 dicacitate
633 1949 725 2028 longe
743 1967 849 2011 omncs
867 1967 1027 2031 superasse
1049 1967 1090 2018 en
1114 1946 1282 2009 Plutarcho
1307 1947 1341 2010 in
1458 1967 1460 2040 1

246 2043 319 2107 Vita
331 2063 361 2106 e.
379 2044 411 2121 4,
434 2044 504 2108 coll.
522 2065 552 2108 c.
569 2045 588 2108 2
632 2045 779 2124 colligere
799 2065 966 2128 possumus,
990 2047 1086 2106 multa
1104 2044 1250 2108 similias
1276 2061 1341 2105 sese

244 2143 374 2225 prolatis
386 2143 419 2205 in
433 2145 558 2225 seriptis
568 2145 710 2207 Gracchi
725 2145 825 2206 inesse
849 2143 1034 2205 affinnaate.
1061 2142 1272 2224 componendi
1293 2161 1341 2202 ar·

244 2257 308 2306 tem
319 2265 382 2308 non
391 2246 467 2308 satis
481 2245 621 2308 calluisse
637 2245 748 2308 Cicero
760 2245 899 2327 exemplu
917 2245 1038 2328 prolato
1058 2243 1147 2308 Orat.
1160 2263 1191 2305 c.
1215 2245 1266 2317 111,
1291 2246 1342 2304 tle·
1459 2315 1460 2338 Χ

245 2355 407 2418 monstrat,
420 2343 472 2406 cui
484 2361 546 2406 non
557 2343 697 2406 absimile
712 2344 812 2418 estid,
823 2345 903 2425 quod
915 2364 964 2427 ap·
976 2345 1065 2406 duret.
1078 2345 1120 2406 ad
1129 2343 1267 2405 llerenn.
1282 2344 1337 2416 tv,
1459 2393 1460 2410 2

246 2437 298 2514 34,
321 2437 455 2520 legitur:
477 2441 612 2502 ldmhcm
629 2443 765 2524 Quirites
781 2461 848 2531 sqq.
873 2443 976 2503 Etiam
1002 2437 1183 2505 h.'Gelllns
1197 2439 1258 2514 111,
1278 2439 1338 2513 13,

245 2535 440 2604 artificiosius
460 2555 579 2606 stmctu
591 2543 700 2619 rerba,
728 2563 819 2625 quarn
833 2563 891 2626 pro
905 2543 1003 2606 aetatis
1015 2542 1147 2617 ratione,
1170 2542 1216 2602 illi
1239 2542 1343 2622 elapsa

246 2643 388 2706 miratur.
403 2645 557 2708 Discimus
571 2645 654 2718 inde,
667 2663 703 2708 eo
717 2659 857 2728 tempore
871 2643 1075 2708 Gracchanas
1086 2643 1251 2704 conciones
1266 2661 1341 2703 non·

244 2743 318 2802 dnm
338 2743 450 2804 desitas
470 2744 505 2805 in
529 2745 642 2806 scholis
662 2745 794 2807 venari.
823 2743 889 2806 Hoc
911 2745 1015 2804 multis
1038 2761 1157 2822 quoqne
1177 2741 1344 2802 Frontonis
1459 2745 1460 2748 ’

243 2839 321 2902 locis
336 2841 489 2918 videmus3
510 2855 544 2903 ut
559 2845 694 2924 Epp.·ad
708 2845 750 2902 Μ.
774 2844 850 2906 Caes.
877 2845 920 2915 ll,
952 2841 1087 2921 1,ρ.46
1110 2841 1159 2900 ed.
1188 2838 1343 2902 Berol.et
1380 2901 1384 2909 ,
1459 2849 1460 2892 3

245 2939 324 3020 Epp·
340 2941 378 3002 nd
401 2941 551 3002 Antonin.
578 2943 657 3018 Aug.
676 2941 702 3014 1,
725 2941 758 3013 2,
781 2959 814 3020 p.
833 2939 871 3019 98
899 2936 1059 3024 [nimirum
1075 2939 1138 3013 111,
1164 2935 1276 3019 lta-p,
1302 2939 1341 3000 88
1459 3009 1460 3014 η

244 3053 292 3114 sq.
307 3045 339 3094 et
367 3036 427 3108 lv,
459 3035 490 3107 2,
516 3055 548 3116 p.
571 3035 610 3100 93
627 3054 673 3118 sq.
690 3035 741 3095 ed.
764 3030 887 3120 llumj.
905 3032 959 3095 Sic
981 3032 1093 3096 Catoni
1107 3045 1140 3095 et
1154 3033 1255 3095 Tullio
1268 3055 1342 3096 curn

184 3218 188 3226 .
242 3134 332 3198 laude
345 3135 479 3210 additur,
500 3133 549 3198 De
567 3135 647 3218 cloq.
665 3155 698 3216 p.
727 3134 766 3196 st
796 3125 844 3220 [p.
871 3134 931 3196 228
953 3155 999 3216 sq.
1027 3136 1077 3198 ed.
1098 3132 1217 3223 Roml.
1235 3137 1342 3216 Neque
1459 3121 1460 3130 ³

161 3255 164 3260 ’
243 3235 350 3318 inepte
363 3234 517 3299 faciebant
531 3235 583 3298 illo
599 3249 758 3318 tempore,
787 3234 826 3295 ad
839 3237 896 3297 hos
911 3235 1086 3310 redeuntes,
1111 3237 1201 3297 modo
1216 3235 1339 3298 eastita-

243 3343 305 3394 tem
316 3333 486 3415 potuissent
498 3332 625 3394 imitari.
646 3329 749 3424 [cont.
765 3332 951 3416 Quintiliani
962 3333 1113 3416 judicium
1123 3332 1162 3393 de
1172 3333 1337 3394 earelnst.

128 3488 133 3498 ,
243 3435 286 3509 11,
304 3436 333 3511 5,
351 3436 386 3498 21
397 3431 421 3524 .]
446 3427 654 3499 Circumcisus
674 3447 706 3498 et
720 3436 831 3498 breves
845 3436 915 3518 ejus
936 3437 1091 3496 orationes
1105 3433 1139 3493 in
1158 3445 1341 3495 transcursu

243 3536 344 3616 tangit
365 3537 446 3599 Pliu.
468 3536 545 3620 Epp.
563 3539 590 3613 1,
609 3539 662 3603 to.
683 3538 780 3601 Paulo
798 3537 895 3616 magis
912 3535 950 3596 ad
966 3535 1118 3598 interiora
1133 3546 1165 3595 et
1186 3547 1291 3616 partes
1309 3550 1341 3598 et

242 3632 370 3697 consilia
379 3635 553 3698 orationum
563 3647 713 3718 spectant,
731 3635 810 3715 qurod
822 3633 948 3697 Servius
960 3631 998 3694 ad
1007 3631 1095 3712 Virg.
1108 3631 1177 3694 AEn.
1191 3631 1245 3707 Χ1,
1264 3631 1336 3708 301,

242 3728 308 3812 ejus
320 3741 353 3792 et
370 3729 496 3794 Catonis
505 3723 731 3815 simplicissima
750 3749 815 3792 esse
832 3729 983 3812 prooemia
1003 3740 1035 3790 et
1053 3727 1253 3791 claudetne
1268 3729 1339 3792 deo·

242 3849 312 3893 rum
325 3827 478 3912 incipere3
493 3829 748 3894 honorificentius
760 3841 862 3891 autem
877 3827 958 3909 quod
970 3829 1155 3907 Augustinus
1169 3829 1335 3908 Praecqrtt.

241 3928 334 3990 rhett.
357 3947 388 4009 p.
405 3927 464 3990 321
487 3930 535 3989 ed.
552 3927 761 4008 Capperonn.‚
781 3925 874 4003 digua
886 3925 1030 3989 Gracchi
1055 3941 1197 4007 persona,
1222 3922 1288 3985 vita
1305 3938 1337 3987 et

240 4027 376 4094 morilaus
386 4024 512 4091 exordia
525 4025 625 4090 rideri
634 4024 825 4110 pronuntiat,
843 4026 913 4088 cunr
925 4025 1030 4088 Emcii
1044 4041 1178 4110 persona
1189 4025 1334 4088 Nostrum
1375 4054 1376 4062 ¹

244 4143 437 4213 comparans.
467 4161 468 4166 κ
