2916 4838
792 341 861 418 268

272 461 418 545 itaenim
433 481 530 558 multu
545 473 608 542 mu
622 483 734 545 contra
749 479 900 562 seriptum
913 491 970 561 pro
985 495 1070 558 usquo
1084 489 1117 539 et
1131 477 1214 538 bono
1226 473 1324 550 dixit,
1349 491 1383 540 ut

272 583 426 644 hominen
442 577 663 657 acutissimum,
675 581 716 664 Q.
730 581 908 652 Scaevolam,
921 579 996 641 etin
1007 578 1086 662 jure,
1098 577 1130 638 in
1143 594 1203 659 quo
1216 575 1272 642 iiia
1285 597 1383 642 eausa

273 681 466 758 vertebatur,
477 681 716 766 paratissimum,
728 683 878 745 obrueret
889 693 1140 761 argumentorum
1151 681 1382 763 exemplorum·

272 801 331 866 que
345 781 447 868 eopia,
464 796 556 865 atque
569 784 615 846 ita
630 797 695 847 tum
709 783 749 846 ab
763 785 812 846 his
825 779 969 867 patronis
988 781 1169 864 tequaiibus,
1186 781 1282 844 etiam
1305 799 1381 844 eon·

272 882 437 957 sularibus,
459 900 553 944 eausa
568 878 623 942 iila
637 881 720 943 diota
734 895 793 957 est,
813 899 884 946 euru
902 893 1035 962 uterque
1055 897 1094 940 ex
1114 879 1275 940 contrariu
1291 889 1382 962 purte

267 979 318 1065 jus
330 979 422 1042 civile
438 977 630 1052 defenderet,
648 991 684 1040 ut
702 977 915 1061 eloquentium
933 973 1219 1060 jurisperitissimus
1235 974 1378 1047 Crassus,

266 1077 518 1164 jurisperitorum
529 1077 800 1161 eloquentissimus
811 1077 949 1144 Soaeroie
961 1088 1138 1161 putaretur.

313 1181 395 1242 ibid.
416 1179 444 1242 οξ
467 1180 525 1243 52:
545 1180 611 1240 Nee
626 1199 677 1241 res
691 1179 753 1242 ulia
773 1179 843 1262 pius
865 1179 945 1260 apud
965 1174 1087 1239 animos
1108 1173 1267 1238 hominum
1287 1191 1381 1256 quam

269 1281 346 1342 ordo
366 1291 398 1342 et
415 1291 546 1343 ornatus
560 1278 712 1340 orationis
724 1277 819 1340 vaiet.
847 1277 953 1359 Quare
968 1277 1038 1358 quis
1052 1293 1090 1338 ex
1104 1272 1237 1358 populo,
1251 1291 1323 1338 eum
1338 1275 1377 1357 Q.

270 1382 439 1446 Soaevoiam
453 1400 511 1462 pro
525 1382 569 1444 M.
580 1379 720 1461 Coponio
734 1381 892 1442 dicentem
907 1379 1047 1457 audiret,
1067 1377 1235 1461 quidquam
1250 1373 1380 1459 politius

271 1494 324 1541 aut
337 1479 510 1557 elegantius
523 1488 577 1538 aut
590 1477 717 1539 omnino
731 1477 840 1541 meiius
854 1489 907 1538 aut
923 1488 1119 1559 exspectaret
1132 1487 1185 1536 aut
1204 1491 1296 1556 posse
1310 1473 1380 1537 iieri

271 1574 421 1659 putaret?
434 1577 512 1640 Cum
527 1573 554 1638 is
567 1577 627 1639 hoe
641 1574 777 1659 probare
789 1577 895 1650 veliet,
913 1577 967 1638 Μ’.
979 1576 1120 1650 Curium,
1133 1593 1204 1639 eum
1222 1575 1267 1636 ita
1285 1574 1379 1638 heres

270 1674 429 1736 institutus
446 1686 537 1746 esset,
553 1671 581 1736 si
599 1674 734 1757 pupillus
752 1686 825 1736 ante
844 1686 984 1737 mortuus
1007 1687 1098 1750 esset,
1120 1693 1212 1754 quam
1233 1669 1267 1734 in
1289 1691 1378 1736 suum

271 1776 399 1838 tutelam
409 1771 557 1848 venisset,
568 1773 687 1858 pupillo
699 1797 761 1839 non
777 1789 850 1838 nato
863 1777 1012 1838 heredem
1024 1793 1089 1838 esse
1104 1794 1168 1837 nou
1184 1793 1290 1856 posse3
1305 1776 1377 1857 quid

272 1878 325 1942 ille
340 1899 403 1941 non
419 1879 498 1939 dixit
511 1879 550 1940 de
562 1890 817 1942 testamentorum
825 1878 909 1960 jure,
920 1879 959 1940 de
967 1875 1104 1959 antiquis
1114 1875 1277 1940 formulis?
1292 1877 1376 1958 quid,

272 1979 527 2060 quemadmodum
541 1977 638 2041 scribi
656 1980 854 2063 oportuisset,
880 1976 906 2040 si
929 1979 1021 2040 etiam
1037 1976 1100 2040 iiiio
1116 1974 1179 2040 sion
1197 1989 1271 2040 nato
1287 1977 1381 2041 heres

270 2080 488 2141 institueretur
496 2078 512 2140 i
521 2067 617 2159 quam*
623 2077 794 2163 captiosum
809 2099 877 2142 esse
888 2079 1014 2162 populo,
1029 2079 1109 2162 qnod
1121 2080 1271 2161 seriptum
1283 2093 1377 2156 esset,

271 2177 387 2259 negligi
401 2191 433 2241 et
447 2179 593 2260 opinione
608 2179 704 2259 quaeri
717 2180 890 2242 voluntates
910 2190 942 2240 et
963 2177 1227 2263 interpretatione
1245 2178 1376 2242 diserto·

271 2297 342 2340 rum
362 2272 479 2358 scripta
499 2275 683 2358 simplicium
705 2273 864 2366 hominurn
884 2276 1091 2360 pervertere?
1105 2297 1196 2360 quam
1210 2276 1265 2338 iile
1279 2277 1377 2340 multa

272 2375 311 2438 de
325 2371 512 2438 auctoritate
526 2373 624 2458 patris
639 2375 697 2451 sui,
714 2375 767 2456 qui
781 2393 905 2458 semper
920 2374 970 2459 jus
988 2375 1065 2438 iilud
1085 2392 1150 2438 esse
1169 2371 1380 2436 defenderat?

271 2491 364 2556 qnam
386 2473 514 2535 omuino
539 2471 635 2534 muita
658 2474 697 2534 de
720 2473 934 2536 conservando
955 2471 1026 2554 jure
1048 2469 1163 2534 uirili?
1184 2473 1225 2532 At
1243 2489 1326 2532 vero
1346 2483 1378 2533 ut

273 2582 383 2635 eontra
397 2570 526 2633 Crassos
541 2569 579 2630 ab
596 2569 791 2632 adolescente
806 2569 951 2646 delicato,
972 2569 1026 2650 qui
1045 2570 1080 2630 in
1100 2569 1194 2632 litore
1213 2567 1377 2630 ambuiaus

273 2669 422 2732 suaimum
436 2672 603 2754 reperisset
617 2669 657 2732 ob
670 2689 800 2750 eamque
811 2689 876 2729 rem
887 2666 1041 2732 edificare
1056 2687 1168 2731 navem
1180 2663 1376 2748 concupivis-

274 2783 333 2845 set,
356 2775 486 2834 exoratus
507 2784 565 2846 est,
587 2769 732 2834 similiter
752 2771 918 2834 Scaevolam
940 2790 979 2832 ex
998 2789 1061 2833 uno
1082 2769 1200 2832 scalmo
1224 2767 1376 2851 captionis

268 2867 494 2932 centumvirale
511 2868 659 2950 judicium
680 2869 863 2934 hereditatis
883 2869 1038 2941 eiieoisse,
1067 2868 1183 2930 hocin
1206 2867 1262 2929 ilio
1284 2869 1375 2931 initio

267 2980 452 3030 consecutus
464 2967 570 3030 multis
585 2970 721 3050 ejusdem
735 2971 861 3048 generis
876 2967 1040 3032 sententiis
1055 2965 1226 3031 delectarit
1244 2965 1376 3032 animos-

267 3084 326 3146 que
340 3065 488 3138 omninm,
504 3068 557 3147 qui
574 3068 715 3143 aderant,
729 3067 763 3129 in
775 3059 975 3130 'hilaritatem
994 3087 1013 3129 a
1033 3059 1203 3130 severitate
1223 3067 1373 3129 traduxit.

268 3167 390 3228 Deinde
403 3167 607 3231 hoe'voiuisse
621 3188 703 3244 eum,
717 3159 769 3250 qui
780 3181 997 3232 testamentum
1008 3169 1140 3244 iecisset,
1154 3167 1213 3230 hoo
1224 3171 1370 3245 sensisse,

268 3283 389 3347 quoquo
403 3267 494 3331 modo
508 3267 590 3329 filius
605 3287 667 3331 uon
682 3279 773 3341 esset,
789 3269 843 3349 qui
857 3268 891 3328 in
905 3283 990 3330 suam
1006 3268 1135 3329 tutelam
1151 3267 1288 3339 veniret,
1309 3264 1373 3332 sive

269 3381 333 3426 nou
347 3375 438 3427 natus
453 3361 520 3427 sive
534 3378 607 3428 aute
620 3379 769 3437 mortuus,
783 3364 896 3429 Curius
909 3367 1002 3428 heres
1014 3378 1049 3426 ut
1063 3377 1144 3438 esset
1155 3383 1164 3424 t
1176 3361 1225 3425 ita*
1234 3363 1375 3430 seribere

268 3461 431 3544 plerosque
445 3473 476 3522 et
489 3461 522 3522 id
537 3464 643 3526 valere
656 3476 689 3524 et
701 3463 835 3546 valuisse
847 3483 979 3547 semper.
993 3463 1114 3524 Deinde
1128 3481 1248 3542 oequum
1259 3461 1375 3525 bouum

269 3569 527 3640 testamentorum
538 3562 709 3626 sententias
723 3562 961 3642 voluntatesque
976 3569 1094 3630 tutatus
1107 3570 1174 3633 est3
1193 3569 1311 3640 quantu
1329 3579 1374 3628 es·

176 3654 182 3665 ⁴
218 3734 223 3740 ¹
270 3669 317 3720 set
330 3660 364 3720 in
379 3661 485 3724 verbis
500 3661 603 3745 captio
617 3679 687 3723 eum
702 3663 736 3723 in
751 3664 861 3725 ceteris
876 3662 970 3725 rebus
988 3674 1053 3724 tum
1071 3663 1105 3723 iu
1124 3660 1331 3736 testamentis,
1348 3660 1374 3724 si

269 3755 505 3856 {negligerentur
517 3759 696 3833 uoluntates¹
701 3786 711 3840 5
727 3771 875 3844 qutamatu
889 3757 949 3822 sibi
959 3758 1133 3842 potentiam
1144 3755 1281 3827 Suoevola
1293 3777 1376 3822 aueu-

267 3868 377 3929 meret‚
390 3853 418 3918 si
432 3876 522 3920 nemo
536 3858 661 3918 auderet
676 3869 891 3919 testamentum
906 3857 1010 3920 iacere
1026 3870 1133 3940 postea
1148 3856 1209 3920 uisi
1227 3857 1266 3918 de
1284 3852 1373 3929 iilius

265 3953 434 4042 sententia.
446 3953 518 4036 Haeo
528 3973 597 4019 eum
607 3953 749 4034 graviter
759 3967 822 4016 tum
834 3954 872 4016 ab
882 3951 1032 4038 exemplis
1041 3954 1174 4038 copiose,
1186 3966 1252 4024 tum
1266 3953 1366 4025 varie,

264 4066 330 4126 tum
343 4055 438 4118 etiam
453 4054 585 4116 ridicule
599 4068 630 4116 et
642 4055 740 4116 iaoete
754 4056 915 4138 explicans
929 4077 998 4120 eam
1012 4056 1253 4123 admirationem
1268 4074 1375 4120 assem

264 4156 444 4246 sionemque
459 4155 636 4228 commovit,
649 4155 760 4220 dixisse
771 4171 806 4220 ut
817 4172 928 4226 eontra
940 4179 1030 4224 nemo
1041 4155 1219 4223 videretur.
