2954 4840
756 345 823 417 384

272 480 412 552 repudiata
431 485 556 548 mstis-o]
576 479 749 550 Symmachus
767 479 951 532 consentiente
972 489 1067 530 senatu
1081 491 1219 528 censuram
1232 473 1336 526 dissua-

305 565 350 620 det
363 565 469 620 restitui
482 587 490 618 a
504 578 568 618 tunc
584 565 655 616 cuim
673 583 735 616 eum
747 565 939 636 magistratum,
952 565 1000 632 qui
1008 558 1063 632 jam
1075 560 1177 612 dudum
1186 559 1337 612 essedesie-

309 661 361 710 nrt,
371 651 501 721 integrare
513 649 687 702 conubrntur.
701 647 781 700 Conf.
791 649 917 700 Creuzetu
936 645 1027 715 Antiq.
1043 645 1145 712 Rom.§
1160 645 1222 705 110,
1237 661 1266 714 p.
1280 645 1335 694 tlt.

307 735 380 804 Aug.
394 733 483 784 Maius
495 730 528 784 de
541 730 690 802 abroganda
696 749 808 784 censura
815 731 913 783 dixisse
922 728 1108 800 Symmachum
1119 726 1188 778 falso
1195 725 1337 778 existimat.

310 817 409 884 [Paulo
423 831 484 889 post
492 817 714 889 ocdnlenprslale
722 825 839 872 resecata
849 825 900 880 eet,
915 835 964 888 pro
976 818 1095 890 rejecta}

279 961 397 1046 Symm.
412 960 565 1023 Minervio
577 961 644 1042 (tv,
663 961 734 1046 ts):
747 960 875 1022 Fiducia
885 959 962 1020 mihi
973 958 1037 1020 stili
1048 970 1140 1039 atque
1148 954 1269 1034 ingenii
1280 957 1342 1018 mei

239 1058 323 1121 nulla
336 1072 407 1121 est:
424 1059 478 1120 sed
495 1071 547 1118 tua
561 1057 849 1136 benignitasausus
866 1077 951 1120 meos
971 1068 1131 1137 provocat.
1155 1051 1226 1114 Misi
1244 1049 1341 1134 igitur

238 1159 279 1220 ad
292 1158 498 1220 eruditionem
514 1170 597 1220 tuam
617 1160 692 1220 duas
703 1157 914 1220 oratiunculas
926 1167 1060 1226 nostras,
1074 1171 1205 1237 quarum
1225 1169 1288 1215 una
1301 1156 1343 1214 ad

167 1335 172 1342 .
236 1259 364 1340 Poly-hit·
371 1261 477 1342 filium
491 1260 651 1342 pertinens
672 1281 710 1322 ex
727 1259 849 1321 recenti
871 1258 996 1336 negotio
1007 1271 1081 1320 nata
1095 1269 1155 1329 est,
1172 1257 1273 1318 altera
1286 1259 1343 1317 du·

239 1357 323 1430 dum,
340 1377 471 1420 cumres
482 1358 516 1420 in
526 1355 616 1421 curia
626 1360 808 1437 agitaretur,
826 1377 845 1417 a
867 1377 916 1419 me
929 1370 1052 1440 parata,
1072 1376 1155 1417 nunc
1173 1375 1269 1438 opere
1283 1355 1343 1418 lar·

239 1450 328 1533 giore
341 1467 432 1518 aucta
449 1456 610 1537 processit.
638 1451 717 1515 Huic
732 1466 947 1533 argumentum
962 1467 1011 1515 est
1029 1454 1189 1531 repudiato
1203 1473 1340 1525 censura,

240 1575 333 1636 quam
348 1567 423 1618 tunc
438 1557 531 1617 totius
548 1567 671 1620 senatus
690 1551 808 1634 legarit
821 1555 1008 1620 auotoritas.
1025 1553 1103 1616 Volo
1117 1553 1254 1629 mireris,
1270 1572 1341 1632 gra·

241 1657 400 1718 vissimum
420 1657 563 1721 ordinem
584 1651 795 1737 magisterium
818 1656 980 1738 respuisse.
1008 1655 1045 1716 lu
1074 1655 1217 1717 oratione
1236 1667 1342 1716 nostra

242 1776 304 1820 non
319 1758 403 1819 leves
410 1775 517 1832 cautas
531 1755 655 1819 evitate
666 1755 758 1837 hujus
771 1755 932 1837 potestatis
941 1754 1095 1817 invenies.

276 1919 353 1986 Μ’]
372 1919 430 1972 cod.
446 1917 535 1990 Vulgo
549 1917 633 1971 deest.

275 2037 416 2110 repudmta
422 2043 550 2106 censura]
569 2039 658 2092 eadem
671 2052 713 2091 est
723 2039 896 2111 intelligenda
913 2040 1007 2104 oratio,
1021 2039 1054 2092 de
1069 2057 1121 2108 qua
1133 2057 1214 2110 supra
1233 2038 1281 2099 lV,
1295 2039 1339 2101 29,

312 2122 388 2175 dixit.

284 2271 400 2355 Symm.
417 2272 574 2352 Eupranio
588 2275 661 2356 (tv,
679 2273 739 2360 64)
758 2295 766 2334 ε
783 2275 847 2336 Nee
859 2286 980 2336 tautum
990 2277 1136 2357 epistolas
1145 2275 1260 2357 poscis,
1272 2293 1344 2336 ora·

241 2371 396 2436 unoculus
410 2389 530 2454 quoque
547 2386 679 2446 nostras,
697 2377 834 2438 noudum
851 2375 910 2438 tibi
923 2377 1033 2451 editas,
1052 2376 1165 2440 deterri
1181 2377 1215 2438 iu
1233 2395 1347 2441 manus

242 2482 311 2531 tuas
322 2469 483 2553 praecipis3
498 2489 565 2552 quoe
579 2490 629 2532 res
643 2471 767 2534 videtur
780 2471 954 2548 ostendere,
973 2472 1045 2554 quid
1053 2470 1165 2554 judicii
1178 2473 1294 2536 habeas
1305 2477 1344 2536 de

243 2567 295 2642 iis,
316 2590 392 2655 quas
411 2583 484 2632 ante
504 2568 669 2654 sumpsisti.
698 2572 767 2634 Misi
792 2572 888 2652 igitur
909 2593 947 2636 ex
964 2574 1193 2638 recentioribus
1215 2594 1345 2639 numero

71 2731 76 2746 .
148 2641 218 2718 266
244 2667 394 2753 quinque,
411 2689 541 2750 quorum
563 2667 643 2728 milti
653 2669 718 2749 jam
734 2668 877 2733 fiduciam
898 2670 973 2733 lecit
986 2671 1129 2754 publicus
1143 2673 1243 2734 lavor.

281 2827 291 2847 '
301 2825 411 2878 nondum
424 2823 582 2890 tiliedt'tas]
604 2823 663 2875 cod.
679 2822 768 2895 Vulgo
781 2824 929 2895 refragante
939 2825 1071 2877 sententia
1081 2825 1142 2889 loci,
1150 2790 1201 2898 'aion
1212 2826 1308 2880 editas.

280 2946 372 3016 'erri]
386 2949 445 3002 cod.
455 2947 543 3020 Vulgo
556 2951 611 3010 unt',
624 2947 656 2999 de
671 2965 725 3016 qua
737 2947 850 3000 lectione
859 2951 982 3018 Meyerus
994 2971 1002 3000 .·
1016 2971 1029 2998 u
1040 2949 1164 3002 similiter
1174 2969 1204 3002 ac
1214 2949 1347 3004 decadem

316 3033 427 3085 fortasse
439 3034 557 3086 oratione
566 3033 595 3085 in
603 3035 653 3106 Ep.
664 3034 676 3083 7
691 3032 753 3084 libri
762 3033 799 3085 lll
813 3033 949 3104 loquitur:
962 3035 1034 3105 Cape
1046 3034 1145 3108 siquid
1149 3039 1181 3088 ab
1190 3055 1246 3106 rep.
1258 3056 1344 3102 vacas,

315 3113 504 3168 oratiunculam
515 3121 639 3182 nostram,
653 3115 729 3188 cujus
738 3113 976 3188 edendoeflduct'am
987 3113 1060 3172 favor
1072 3113 1164 3168 ct’vium
1175 3117 1278 3200 dedet..-

287 3269 407 3352 Symm.
428 3269 590 3332 Theodoro
605 3271 662 3345 (V,
679 3271 717 3343 9)
731 3290 740 3330 ι
760 3271 876 3334 Vereor
889 3270 1073 3350 eloquentie
1089 3283 1147 3332 tuae
1159 3273 1346 3352 scriptano·

245 3380 311 3449 stra
327 3367 534 3439 committerm
549 3366 604 3428 sed
619 3386 681 3428 non
697 3367 798 3428 minus
812 3386 909 3430 caveo
922 3367 1020 3445 amori
1036 3381 1089 3430 tuo
1104 3389 1244 3432 meorum
1258 3371 1345 3450 quid·

246 3489 339 3550 quam
350 3487 476 3548 negare.
493 3469 577 3530 Duas
589 3469 684 3550 igitur
694 3467 907 3533 oratiunculas
917 3489 1018 3550 nuper
1026 3471 1125 3532 editas
1133 3491 1152 3532 a
1161 3471 1250 3534 nobis
1263 3469 1343 3534 misi.

246 3570 363 3632 Earum
380 3589 443 3630 uua
466 3569 506 3629 ad
526 3569 663 3633 urbanos
680 3569 779 3631 fasces
797 3570 999 3632 resultantem
1016 3569 1117 3632 tenuit
1131 3573 1343 3648 candidatum,

246 3664 340 3728 alteri
353 3677 569 3744 argumentum
581 3667 665 3728 dedit
678 3665 745 3746 jam
755 3666 876 3748 pridem
889 3668 1016 3728 decreto
1029 3681 1156 3730 serratus
1169 3665 1346 3752 improbata

247 3781 388 3824 censura.
407 3763 469 3826 Sed
479 3762 628 3844 judicium
638 3783 751 3838 meum,
772 3782 842 3825 cum
856 3782 905 3826 nes
919 3778 990 3827 acta
1004 3778 1062 3840 est,
1080 3762 1221 3828 habitum
1234 3787 1347 3851 propa·

246 3861 319 3942 gavi
334 3881 428 3943 opere
438 3861 585 3940 largiore.
606 3863 671 3924 Nee
686 3861 760 3922 mihi
775 3861 852 3924 vitio
863 3876 969 3925 vertas
979 3864 1089 3946 prisce
1108 3863 1283 3928 severitatis
1300 3887 1349 3931 re·

247 3961 377 4046 pulsam.
405 3963 485 4024 Nam
506 3965 643 4046 quaedam
662 3963 735 4025 solis
756 3965 894 4046 speciosa
915 3963 1103 4042 nominibus,
1126 3987 1181 4030 usu
1203 3980 1234 4030 et
1257 3989 1349 4050 expe·

247 4065 360 4162 riundo
374 4061 540 4150 plurimum
560 4079 684 4132 nocent.
703 4066 852 4130 Rationes
869 4069 1031 4131 sententiae
1048 4089 1124 4132 maae
1138 4069 1239 4132 lector
1260 4067 1348 4134 inve·

249 4181 325 4224 ures.
