2954 4840
667 409 734 480 363

165 549 264 609 Tacit.
284 549 365 608 dnn.
388 547 443 620 lv,
464 546 523 609 li:
540 530 589 611 Ac
599 547 679 610 forte
692 548 799 611 habita
812 568 869 632 per
883 548 952 611 illos
964 547 1029 610 dies
1043 550 1081 610 de
1090 550 1222 613 Votieno

124 643 282 717 Montano,
300 642 434 705 celebris
448 641 567 724 ingenii
579 645 660 718 uiro,
677 645 812 726 cognitio
835 657 1035 710 cunctantem
1053 646 1120 732 jam
1132 647 1223 710 libe·

122 743 202 804 rium
217 742 362 826 perpulit,
377 757 410 805 ut
419 745 562 808 vitandos
577 747 721 809 crederet
735 759 860 828 patrum
873 758 983 824 coetus,
995 765 1147 830 vocesque
1158 765 1225 830 quae

122 843 303 924 pleramque
317 863 399 906 verae
417 859 450 908 et
468 864 580 925 graves
594 865 702 910 coram
714 846 1008 928 ingerebantur...'..
1025 847 1226 910 EtVotienua

122 943 244 1022 quidem
258 944 428 1027 majestatis
440 949 541 1030 poenis
555 945 682 1010 allectus
695 959 753 1010 cst.

154 1089 251 1155 poem's]
267 1085 420 1157 Hieronym.
438 1087 465 1138 in
484 1087 583 1162 Esses:
600 1087 720 1140 Chrom:
740 1088 772 1142 V
769 1091 871 1142 oticrrus
887 1087 1032 1141 Montanus
1047 1086 1228 1142 Narbonense

190 1182 279 1220 orator
296 1175 323 1222 in
339 1172 490 1224 Balearicus
503 1173 595 1224 insulis
610 1178 730 1235 moritur,
748 1173 812 1226 illuc
823 1195 840 1226 a
851 1173 954 1226 Tiberio
966 1173 1104 1246 relegatus.
1127 1173 1158 1225 ln
1170 1171 1226 1226 esi·

193 1253 259 1306 lium
271 1255 368 1325 pulsus
380 1274 403 1308 a.
415 1258 448 1309 U.
462 1257 510 1308 tlt
522 1255 591 1309 diem
605 1257 672 1311 obiit
684 1277 709 1309 a.
720 1259 782 1311 ttt.
805 1258 987 1312 Narbonensis
1002 1270 1060 1312 erat
1072 1258 1226 1318 Montanus,
1253 1235 1322 1314 2¹15

195 1349 225 1388 ut
244 1337 373 1390 Martialis
390 1356 495 1409 quoqne
514 1351 626 1392 testatur
643 1341 733 1413 Epigr.
754 1343 780 1406 l,
802 1344 833 1406 8,
852 1343 903 1393 li:
924 1344 1003 1396 Docti
1022 1346 1112 1414 patria
1129 1339 1226 1396 Narbo

196 1423 311 1477 Votieni.
381 1453 383 1458 ·

357 1605 482 1678 CVlll.
513 1609 553 1678 L.
571 1609 710 1678 ,lunius
727 1603 851 1679 Gallio
869 1623 988 1702 pater.

166 1806 250 1871 Dial.
263 1809 301 1871 de
315 1821 410 1871 oratt.
423 1831 451 1872 c.
466 1810 525 1872 26:
547 1809 694 1872 Ceterum
716 1810 742 1873 si
764 1799 876 1872 omisso
898 1805 1015 1892 optimo
1035 1807 1087 1870 illo
1109 1823 1141 1870 et
1159 1827 1227 1891 per·

123 1905 292 1969 lectissimo
305 1925 420 1986 genere
433 1907 617 1988 eloquentiae
632 1903 776 1986 eligenda
791 1906 833 1968 sit
846 1906 945 1969 forma
963 1903 1099 1979 dicendi,
1122 1903 1227 1966 malim

123 2007 257 2070 Hercule
272 2007 308 2067 C.
323 1997 461 2072 Gra'cchi
475 2007 623 2090 impetum
647 2021 701 2070 aut
721 2009 757 2068 L.
774 2004 881 2071 Crassi
903 2007 1113 2070 maturitatem
1136 2027 1226 2088 quam

122 2101 316 2167 calamistros
329 2104 505 2182 Maecenatis
520 2117 573 2167 aut
588 2101 720 2167 tinnitus
730 2101 896 2169 Gallionis.

163 2205 282 2270 Seneca
294 2206 386 2269 Rhet.
401 2206 551 2270 Controv.
566 2204 622 2271 lib.
638 2207 754 2290 vprael.
768 2227 801 2288 p.
815 2206 894 2269 351:
912 2203 1091 2268 Monstrabo
1113 2201 1226 2266 bellum

120 2307 211 2368 robis
222 2307 372 2380 libellum,
390 2327 479 2389 quem
494 2329 511 2367 a
524 2305 671 2372 Gallione
686 2321 790 2370 vestro
804 2306 926 2389 petatis.
945 2305 1104 2370 Recitabit
1115 2307 1227 2368 rescri-

121 2420 207 2490 ptum
222 2409 360 2470 Labieno
375 2429 432 2491 pro
447 2405 591 2490 Bathyllo
606 2407 797 2482 Maecenatis,
814 2407 848 2468 in
862 2425 923 2487 quo
936 2403 1111 2487 suspicietis
1123 2408 1224 2468 adole·

119 2505 234 2567 scentis
246 2504 393 2577 animum,
406 2503 476 2564 illos
488 2503 596 2565 dentes
608 2503 646 2564 ad
660 2503 864 2565 mordendum
875 2503 1086 2585 provocantis.

154 2639 213 2691 illos
224 2638 362 2704 dentesJin
375 2636 424 2689 hac
439 2638 568 2701 oratione,
579 2657 631 2709 qua
645 2637 759 2690 orationi
768 2637 879 2689 Labieni
889 2635 1035 2708 rescripsit,
1048 2635 1151 2687 l'ortiter
1162 2653 1223 2706 pros

190 2732 267 2774 vocat
274 2719 365 2772 Gallio
374 2719 562 2782 adversarium.

162 2848 296 2932 Quintil.
317 2847 374 2920 lX,
395 2847 426 2919 2,
448 2851 506 2914 91:
526 2849 577 2910 Est
596 2849 697 2912 latens
719 2862 751 2912 et
772 2849 826 2911 illa
847 2846 1045 2928 significatio,
1063 2868 1135 2930 qua,
1152 2868 1221 2912 cuna

116 2949 169 3032 jus
183 2949 321 3032 asperius
336 2951 453 3032 petitur
468 2971 485 3012 a
495 2948 613 3029 judice,
637 2950 670 3011 fit
691 2964 796 3016 tamen
817 2970 886 3036 spes
908 2950 1009 3034 aliqua
1032 2946 1218 3025 clementiae,

118 3068 182 3111 non
196 3048 297 3130 palam
317 3069 356 3111 ne
370 3045 582 3130 paciscamur,
605 3051 658 3109 sed
671 3069 728 3132 per
743 3050 906 3131 quamdam
920 3048 1102 3110 credibilem
1128 3048 1223 3131 suspi-

117 3149 251 3211 cionem.
265 3147 358 3211 Latro
372 3149 469 3228 igitur
479 3149 606 3232 optime:
621 3149 751 3212 Occides
762 3169 838 3229 ergo
849 3146 912 3208 >St
920 3161 1042 3226 potero.
1055 3147 1223 3212 Remissius

119 3260 153 3312 et
166 3270 224 3334 pro
238 3270 292 3315 suo
304 3251 430 3330 ingenio
443 3265 533 3334 pater
545 3251 649 3316 Gallio
662 3274 670 3312 ε
686 3252 785 3322 Dirra,
797 3253 913 3322 anime,
926 3249 1019 3309 dura.-
1031 3247 1222 3330 lzerefirrtr'cr

109 3347 226 3428 fitisti!
460 3349 462 3352 ’

155 3506 244 3572 Dura,
254 3511 350 3573 anime]
360 3505 389 3558 id·
400 3525 454 3560 uon
467 3505 495 3556 in
507 3504 635 3567 oratioue,
645 3503 690 3556 sed
701 3504 727 3554 in
738 3502 926 3556 declamatione
939 3500 1049 3572 quadam
1059 3499 1141 3552 dixit:
1152 3499 1221 3552 idem

190 3589 262 3643 enim
275 3593 345 3662 apud
356 3592 482 3645 &secam
495 3591 524 3642 iu
533 3590 658 3642 Controv.
672 3589 721 3643 lib.
732 3589 767 3654 11,
780 3589 822 3652 ll,
836 3608 864 3662 p.
879 3588 925 3640 tlt
937 3586 1050 3660 legimus
1061 3604 1067 3637 a
1080 3585 1146 3638 Cum
1158 3587 1221 3638 vul-

189 3687 256 3734 tum,
271 3677 309 3724 ait
323 3673 424 3738 Gallio,
438 3677 465 3724 in
480 3673 600 3745 supplicis
611 3671 726 3726 bubdam
737 3675 893 3736 submiseris,
908 3689 967 3722 eunt
982 3671 1095 3720 dixerim
1109 3669 1222 3721 Paenitet

190 3761 260 3832 quod
269 3763 354 3830 rapui,
364 3761 437 3828 quod
445 3772 470 3811 te
475 3766 589 3830 priorem
598 3779 650 3811 non
658 3763 761 3832 rogam
770 3777 829 3810 cum
837 3759 938 3810 dixeris
946 3768 970 3808 te
979 3757 1122 3808 dementem
1126 3753 1224 3831 fuissem

190 3848 336 3899 deliberabo
352 3863 411 3898 cum
428 3851 527 3912 amicis,
541 3849 688 3902 debboram
705 3867 763 3900 cum
776 3849 935 3920 propinquis,
948 3843 1092 3896 deliberabo
1104 3861 1162 3894 cum
1174 3853 1220 3893 tua

189 3943 279 3984 matre.
296 3933 346 3983 Me
356 3933 494 3983 mirarum!
505 3950 585 4003 quam
598 3951 666 4006 pane
677 3933 806 4007 promisi?
816 3953 829 3982 a
841 3931 946 3995 Anime,
956 3927 1036 3980 dura!
1054 3927 1113 3982 beri
1127 3925 1221 3980 fortior

189 4035 257 4080 eras,
268 4039 281 4065 s
289 4029 314 4069 et
321 4016 431 4068 mutum
441 4015 535 4083 taam,
545 4021 617 4089 quod
624 4018 770 4084 deliberem,
778 4020 872 4072 ᾰίνινεί
880 4014 1040 4086 mcaffsctus
1048 4015 1219 4093 decagoni,

188 4107 255 4156 inter
268 4121 342 4154 rcum
353 4114 378 4156 et
387 4113 489 4173 patrem
503 4103 643 4156 distrahor.

162 4245 231 4306 Duo
249 4245 335 4306 lunii
353 4242 509 4308 Galliones
525 4244 666 4307 rhetores
686 4244 820 4322 luerunt,
842 4259 931 4329 pater
950 4258 982 4309 et
1001 4243 1092 4306 iilius.
1115 4241 1218 4306 Gallio
