2904 4840
586 325 651 396 129

69 484 88 516 a
101 458 210 522 Cicero
221 458 319 521 nimia
330 479 347 520 e
358 458 464 530 uerbis
474 459 604 520 Catonis
614 461 728 522 ducere
746 459 888 520 videtura
901 457 1020 520 etenim
1039 459 1173 522 studium

69 565 227 624 literarum
251 581 314 622 non
338 573 460 643 poterat
484 561 679 642 exprobrare
700 557 796 636 Cato,
820 560 872 640 qui
892 559 957 640 ipse
979 577 1087 622 earum
1106 576 1175 624 erat

68 663 306 739 amantissimus,
324 665 437 744 quique
455 664 583 745 insuper
600 663 698 724 Ennio
717 661 914 724 familiariter
935 661 1093 735 utebatur,
1113 660 1176 722 imo

71 767 132 848 ipse
146 786 218 828 eum
232 785 270 827 ex
283 765 428 829 Sardinia
442 766 623 828 deduxerat.
648 765 726 828 lllud
739 778 861 826 tantum
875 765 1060 848 probrosum
1074 759 1178 824 existi·

1 877 2 884 ’
71 867 169 930 mavit
182 865 280 940 Cato,
295 868 375 948 quod
389 867 527 930 Ennium
541 871 574 926 io
587 871 779 944 provinciam
794 866 926 929 duxerat
938 866 1061 939 consul,
1082 874 1116 925 et
1135 863 1180 923 ita

69 963 177 1026 studiis
186 963 247 1026 suis
256 976 330 1027 tunc
340 964 435 1028 etiam
444 963 609 1024 indulsisse
618 963 795 1036 videbatur,
805 962 1001 1024 eumbellieoe
1010 961 1180 1044 disciplina

1 1129 2 1134 .
71 1062 225 1144 rebusque
235 1060 446 1126 severioribus
455 1079 585 1142 operam
595 1060 689 1120 unice
700 1077 818 1120 nauare
829 1057 994 1121 debuisset.
1008 1051 1039 1146 a]

110 1164 224 1228 Cicero
243 1165 292 1225 De
310 1175 389 1224 orat.
408 1163 452 1234 ll,
472 1161 532 1224 63:
549 1161 691 1222 Alterum
711 1179 810 1238 genus
826 1172 884 1232 est,
901 1161 982 1241 quod
998 1157 1096 1222 habet
1112 1179 1181 1240 par·

72 1281 146 1324 tam
160 1259 252 1323 verbi
263 1257 530 1340 immutationem,
545 1260 625 1339 quod
641 1254 673 1318 in
685 1257 779 1320 litera
801 1257 933 1340 positum
943 1253 1048 1320 Graeci
1071 1268 1184 1316 uocant
1210 1260 1251 1337 27

68 1372 261 1444 auparopaoiata,
276 1373 310 1420 ut
320 1359 512 1420 Nobiltbt·em
527 1359 723 1419 mobiliorem
737 1358 828 1422 Cato.

102 1496 269 1563 mobiihrm]
283 1495 417 1549 leviorem.

111 1607 200 1685 Duas
217 1622 377 1684 orationes
397 1605 508 1684 eontra
524 1624 566 1684 M.
583 1619 728 1686 Fulvium
742 1643 761 1684 a
775 1623 897 1687 Catone
916 1624 1040 1686 habitas
1053 1623 1121 1684 reri
1142 1621 1181 1682 si·-

71 1723 145 1783 lnile
158 1734 217 1793 est,
235 1739 339 1806 unam,
363 1739 430 1802 quae
446 1739 531 1780 nunc
545 1720 707 1802 proposita
721 1734 781 1792 est,
797 1719 830 1780 in
845 1739 905 1801 qua
918 1721 1100 1800 largitiones
1114 1719 1182 1800 ejus

78 1817 193 1880 nimias
207 1817 353 1894 incessit;
371 1818 514 1888 alteram,
531 1816 564 1877 in
579 1835 640 1898 qua
651 1817 755 1880 Fulvii
770 1835 934 1879 censuram
946 1837 1029 1879 antio
1042 1816 1102 1879 att
1115 1837 1183 1899 per-

72 1917 216 1992 strinxit,
238 1932 273 1980 ut
286 1936 326 1979 ex
338 1917 432 1979 Festo
447 1934 473 1977 s.
486 1937 520 1978 v.
532 1917 708 1978 Retricibas
723 1927 831 2001 aperte
850 1917 1019 1999 colligitur.
1044 1919 1183 1982 Distinxi

73 2021 168 2100 igitur
190 2019 367 2100 fragmenta
391 2017 551 2100 utriusque
572 2017 743 2093 orationis,
768 2040 834 2102 qnae
856 2041 874 2082 a
895 2016 1012 2104 Popma
1033 2033 1066 2083 et
1085 2021 1183 2086 Lione

76 2115 289 2196 conglutinata
303 2128 386 2178 sunt.
399 2115 556 2179 Weberus
567 2116 731 2178 adnotavit
743 2135 814 2199 pag.
829 2111 870 2181 25
883 2140 891 2178 ι
906 2137 920 2174 a
936 2119 979 2180 M.
992 2113 1100 2182 Fulvio
1110 2139 1183 2180 con-

74 2215 134 2276 suli
150 2236 179 2276 a.
190 2217 231 2282 U.
246 2213 308 2278 tat
326 2215 459 2294 legatum
474 2235 508 2276 se
523 2215 649 2278 missum
664 2216 697 2276 in
713 2215 858 2279 AEtoliam
872 2230 1039 2299 propterea
1051 2219 1132 2298 quod
1144 2237 1184 2280 ex

75 2313 187 2377 AEtolia
199 2315 375 2399 complures
390 2329 558 2391 venerant,
575 2313 692 2378 AEtolos
710 2336 819 2398 pacem
834 2316 927 2392 velle,
943 2319 981 2380 de
1000 2339 1037 2380 ea
1058 2338 1093 2381 re
1113 2338 1183 2381 ora-

81 2429 168 2478 tores
177 2417 307 2479 Romam
317 2416 487 2498 prolectos,
498 2415 578 2498 apud
591 2415 716 2477 Festum
724 2417 800 2477 dicit
808 2411 841 2477 in
849 2416 1021 2495 fragmento
1032 2420 1186 2480 orationis

76 2515 123 2574 De
139 2512 202 2574 suis
216 2512 400 2576 virtutibus.
416 2510 512 2592 Gujus
526 2512 574 2572 rei
588 2512 615 2574 si
629 2511 801 2592 scriptores
810 2510 893 2575 illius
907 2509 982 2573 belli
994 2513 1184 2576 mentionem
1242 2515 1246 2523 '

78 2629 142 2670 non
155 2607 283 2685 iaciunt,
300 2607 496 2680 factumest,
518 2608 598 2688 quod
615 2605 745 2670 Catonis
766 2605 820 2668 illo
839 2619 979 2689 tempore
998 2619 1104 2690 partes
1120 2627 1184 2669 non

78 2708 156 2768 adeo
171 2723 289 2784 magnae
303 2705 448 2768 videntur
462 2704 564 2766 luisse.
582 2701 729 2766 Ceterum
742 2723 781 2766 ea
795 2702 962 2766 occasione
972 2705 1103 2768 fortasse
1116 2725 1186 2768 usus

78 2817 135 2881 est,
151 2816 185 2865 ut
198 2804 339 2867 Fulvium
357 2806 396 2866 de
417 2805 464 2866 rei
485 2803 629 2884 gerendae
643 2803 766 2866 ratione
789 2805 829 2865 ad
856 2817 999 2867 senatum
1012 2805 1181 2868 incusaret.

77 2901 174 2984 Cujus
184 2903 335 2965 orationis
347 2899 506 2965 nonnullae
518 2915 628 2964 extant
638 2903 809 2984 particulae.
824 2904 1002 2978 a-Recte,
1015 2906 1069 2966 sed
1079 2904 1185 2968 distin-

79 3002 198 3080 guenda
209 3015 292 3077 sunt,
305 3014 340 3062 ut
353 3001 428 3076 dixi,
441 3001 571 3063 duarum
582 3001 616 3062 in
628 2999 770 3062 Fulvium
782 3002 939 3064 actionum
950 3001 1134 3083 fragmenta.

381 3183 432 3244 13.
454 3171 565 3245 oixrro
585 3203 623 3244 na
650 3203 887 3246 consonatione.

120 3347 212 3408 lianc
225 3345 266 3408 ad
280 3363 397 3408 annum
416 3343 699 3414 astronianum
719 3346 756 3404 de
777 3344 979 3412 clandestinis
998 3346 1189 3427 conjuratio·

80 3446 174 3509 nibus
188 3457 394 3524 quaereretur.
420 3440 580 3506 Coitiones
598 3443 685 3506 euim
701 3444 789 3506 lmdae
809 3458 843 3506 et
861 3443 999 3510 incestus
1019 3447 1189 3530 turpissimi

80 3547 242 3626 utrimque
264 3563 355 3610 sexus
379 3544 555 3618 hominum,
579 3562 719 3619 venena,
744 3543 958 3626 insanaeque
981 3549 1096 3624 cedes,
1122 3569 1189 3630 qum

81 3647 196 3710 erebra
212 3645 254 3723 *in
276 3645 405 3708 occultis
429 3644 653 3724 nocturnisque
676 3644 918 3710 Bacchanalium
940 3647 1038 3710 saeris
1059 3647 1187 3727 fiebant,

82 3743 218 3831 primum
227 3746 346 3818 none,
359 3743 472 3807 deinde
484 3742 600 3826 passim
615 3761 674 3824 per
687 3742 822 3820 lunam,
836 3763 910 3808 easu
921 3745 1044 3808 detecta
1051 3743 1186 3812 fuerant.

83 3845 166 3908 Falsi
179 3857 289 3921 testes,
306 3841 383 3905 salsa
397 3840 486 3927 signa
501 3854 747 3926 testamentaque
766 3859 798 3906 et
817 3843 935 3908 indicia
949 3864 987 3908 ex
1001 3849 1110 3913 eadem
1124 3849 1189 3912 olli·

82 3940 156 4006 cina
170 3943 309 4006 exibant.
334 3941 430 4004 Multa
450 3943 532 4016 dolo,
552 3942 699 4025 pleraque
714 3941 845 4025 pervim
858 3945 1061 4010 addebantur.
1078 3948 1191 4029 Conju·

82 4061 175 4105 rasse
195 4063 289 4126 supra
313 4053 433 4125 septem
457 4040 555 4105 millia
579 4043 719 4105 virorum
741 4063 779 4106 ac
804 4044 967 4108 mulierum
990 4048 1186 4110 dicebantur.

82 4141 190 4206 Livius
204 4141 325 4223 copiose
339 4159 406 4204 rem
422 4141 549 4222 exponit
563 4142 707 4218 XXXIX,
721 4143 811 4203 8-18.
1081 4134 1082 4138 ’

1008 4255 1038 4308 17
