2954 4840
651 321 748 396 Ι395

201 465 301 526 Epistola
320 481 345 508 σι
358 465 497 510 Historiarum
514 461 617 508 librisdr-

199 545 316 604 pratssp.
329 547 367 589 se.
627 531 629 535 “

126 672 128 676 ,
172 643 216 671 nou
227 631 293 670 simus
303 643 343 686 pro
354 630 456 672 nasimus
669 639 679 678 7

171 707 236 761 Nysa,
247 705 290 750 filia
300 707 319 749 N
322 706 425 750 icomedis
434 700 495 757 111‚i
505 705 575 753 Musa,
586 717 619 744 re·

204 787 255 841 gina
267 785 384 845 Bithyniae,
398 784 501 842 distingui
514 783 586 838 debet,
598 795 622 826 ut
680 825 683 834 ,

204 885 273 928 nuper
281 869 309 912 ad
314 869 393 913 saturo·
402 855 509 926 Orationes
514 877 533 910 et
540 867 623 925 Episto-

205 947 235 990 tas
253 962 276 1005 p.
296 949 320 991 5²
339 945 415 989 docuit
430 943 533 992 Orellius.
545 946 623 997 -Quarc

205 1037 271 1081 supra
283 1037 331 1081 pag.
349 1021 428 1075 181‚l.
447 1035 483 1064 ta.
497 1024 520 1065 in
530 1023 568 1066 illo
580 1024 623 1077 NJ·

204 1118 249 1146 som
266 1103 400 1157 vetrorsum,
412 1101 483 1160 filiam
502 1102 624 1154 li'icomecls's,

204 1185 291 1243 defendit
301 1183 417 1228 delendum
426 1193 458 1226 est
465 1183 494 1224 val
502 1171 591 1226 Missam.

173 1263 293 1306 obstinatus
659 1274 684 1300 ss
707 1248 710 1253 ’

633 1343 635 1347 .
659 1341 687 1392 ⁴⁴

174 1423 297 1476 optionatus
662 1419 687 1459 ¹8

175 1343 325 1397 occisitantur,
337 1354 360 1386 ut
376 1341 528 1384 obsonitavere

174 1511 273 1546 oratores
659 1499 687 1540 tt

174 1580 299 1624 ordinarius
659 1577 686 1617 tt

648 1675 653 1700 r
661 1661 688 1700 ab

507 1733 510 1737 .
577 1751 626 1800 sir,
648 1748 689 1789 184

175 1845 225 1873 oves
233 1829 328 1890 pascales
660 1826 688 1868 86

176 1668 208 1708 osi
220 1675 272 1708 sunt

175 1753 317 1810 Oudendorp.

174 1920 275 1968 parentes
283 1912 299 1952 i.
311 1925 331 1952 e.
342 1917 410 1952 mater
648 1923 687 1963 127

175 1995 233 2053 parsi
241 2011 286 2038 non
295 1997 381 2053 peperci
661 1996 689 2038 36

175 2071 285 2130 pasceolus
661 2072 689 2113 63

176 2147 254 2205 pedato
662 2148 690 2205 59

176 2235 289 2282 penatores
663 2226 689 2266 25

176 2307 299 2366 perpetuins
462 2355 464 2360 Ι
531 2288 543 2310 ⁸
662 2307 690 2348 ts

176 2387 267 2446 plevitas

175 2470 306 2530 portisculus

178 2551 362 2608 postremissimus

179 2642 290 2689 poteratur
301 2647 340 2690 pro
350 2641 435 2690 potarat

178 2721 274 2769 potestur

178 2792 265 2846 premia
274 2804 359 2849 patrum

178 2869 313 2924 proemiosam

177 2955 257 3001 prester
266 2957 356 3004 propter

177 3041 262 3084 precem

179 3105 290 3162 primanus
298 3105 399 3148 tribunus

179 3187 275 3245 priorem
284 3196 305 3230 et
314 3197 399 3246 portum
411 3187 502 3230 conluta

179 3263 324 3321 proletarium
342 3298 349 3322 s

178 3357 303 3401 properare,
313 3343 416 3386 festinare

178 3419 276 3474 proditio

179 3494 300 3552 pulchralia

180 3575 352 3634 punctatoriolas

179 3651 311 3711 quadrantal

181 3743 285 3790 quatenos

180 3822 232 3864 ques

180 3902 324 3946 quoscumque

179 3969 216 4024 qui
226 3981 265 4025 pro
273 3968 353 4026 quibus

178 4050 291 4106 quisquam
304 4060 324 4091 ot
334 4048 439 4106 quispiam
453 4051 541 4092 confusa
591 4054 631 4105 51,
650 4055 689 4096 105

746 475 796 504 rare
841 517 845 526 1

747 530 855 592 ratissima
927 599 928 602 Ἴ

748 630 823 665 reatus

747 704 876 762 recepticius
888 714 965 744 servus
1036 691 1039 696 ’

749 791 809 825 recto
818 781 891 824 fronte

749 857 878 915 repastinari

749 937 857 996 repulsior

711 1015 713 1020 ⁵
750 1017 880 1064 ridicularia

750 1103 832 1158 rogatio
842 1101 912 1144 Plotia
922 1102 1002 1143 incerta

694 1179 696 1184 ’
750 1195 811 1224 sacra
824 1190 878 1224 stata

736 1256 739 1262 ’
752 1261 889 1322 sepissimam

753 1341 880 1388 salinatores
890 1345 960 1387 aerarii

754 1421 848 1465 Sallustii
858 1423 970 1465 orationes

755 1519 795 1561 pro
806 1495 899 1562 scapulis
978 1549 980 1554 ,
1060 1538 1063 1546 ,

753 1583 851 1627 senatuis
862 1583 960 1644 consulta

754 1660 840 1703 Senecas
847 1660 980 1718 temporibus
990 1660 1113 1718 Appiissoe'ci
1120 1660 1198 1702 dictio·

787 1751 836 1780 nem
847 1735 948 1780 nonnulli
958 1735 1076 1780 laudabant

754 1832 853 1861 seorsum
1241 1820 1269 1877 89

756 1894 815 1936 Serv.
826 1894 936 1953 Sulpicius
946 1911 987 1954 pro
995 1893 1079 1938 aufidia
1089 1893 1151 1948 dixit,
1162 1908 1206 1935 non

787 1985 917 2018 contraeam
1227 1975 1268 2029 ¹7⁵

1229 2067 1234 2092 ι
1242 2065 1270 2105 ²9

756 2135 845 2192 siremps
856 2135 908 2178 coll.
921 2141 1018 2192 eapsa'et
1030 2133 1119 2190 mihipte
1241 2131 1267 2172 83

756 2055 813 2108 sino,
822 2056 865 2098 sini
876 2069 915 2114 pro
929 2058 969 2098 sici

755 2210 850 2253 siticines
1243 2209 1273 2251 80

755 2288 825 2341 soleo,
835 2289 890 2332 solui
1241 2301 1269 2340 9⁰

756 2371 853 2412 sonivios
1243 2382 1252 2407 a
1261 2381 1267 2406 ι

757 2449 861 2504 spatiator

757 2529 850 2585 spiciunt

756 2609 868 2653 staticulos
881 2608 933 2650 dare

683 2731 690 2753 s
758 2691 859 2733 succidioe
868 2689 969 2730 humane

759 2769 821 2817 sultis

758 2848 895 2888 surrectitare
910 2845 947 2887 61.
961 2844 1016 2886 Suut
1027 2839 1049 2882 iu
1059 2839 1148 2896 antiquo
1162 2852 1207 2880 ser·

791 2941 855 2968 mone
865 2925 933 2968 latino
940 2921 1007 2966 multa
1017 2920 1083 2964 rerba
1092 2919 1211 2977 frequenta·

790 3007 833 3048 tiva
844 3015 864 3048 et
875 3003 1016 3055 diminutiva,
1026 3013 1073 3056 quse
1084 3008 1157 3056 postea
1167 3012 1211 3040 non

790 3090 883 3150 amplius
898 3093 1034 3136 occurrunt,
1049 3092 1072 3125 ut
1082 3081 1157 3125 datare
1173 3083 1210 3137 67.

790 3170 905 3212 dissertare
917 3167 954 3221 69.
969 3163 1063 3207 natinari
1080 3163 1117 3206 86.
1132 3161 1211 3204 occisi·

790 3266 836 3299 tare
847 3257 881 3299 rt.
891 3251 1015 3295 obsonitaro
1025 3250 1062 3292 il.
1070 3246 1211 3290 mediocricu-

790 3329 1215 3394 lus73.pauculi73.redemptitaredii.

758 3415 827 3458 Taciti
838 3416 947 3457 orationes

759 3495 896 3553 Thucydidis
907 3494 1017 3536 orationes

758 3576 823 3620 trulla

758 3657 898 3702 recticularia

758 3738 890 3782 victoriosus

757 3814 855 3858 villicare

666 3936 670 3947 ,
759 3909 799 3939 usu
814 3893 872 3936 venit

759 3977 859 4018 uxorium

571 4181 892 4212 „nu-Q·—
