2904 4838
699 411 706 430 ·
785 372 846 446 154

307 515 373 576 lloo
388 515 592 594 fragmentum
606 515 644 575 ad
660 513 818 596 antiquum
834 515 970 578 colorem
984 512 1162 578 Catoniauae
1176 511 1360 592 eloquentia

262 614 546 691 recognoscendum
560 609 778 692 gravissimum
792 625 849 684 est,
864 632 993 692 eamque
1007 629 1150 690 magnam
1164 609 1229 671 vim
1243 607 1361 672 habere

260 728 352 797 atque
366 715 554 777 urbanitatis
561 716 626 796 jam
638 715 799 778 continere
813 711 945 794 vestigia
966 714 1123 776 latendum
1135 725 1192 774 est.
1211 711 1362 794 Compen-

258 825 345 875 satnr
356 809 483 875 omnino
494 811 626 889 ruditas,
653 831 719 894 quae
732 812 839 875 verbis
853 812 995 887 iuberet,
1022 811 1177 874 dictorum
1192 807 1357 892 prudentia

257 925 289 973 et
301 907 532 994 perspicuitate.

290 1047 349 1101 Scio
361 1050 460 1117 solere]
480 1049 588 1103 Gellius
610 1051 684 1112 Xlll,
700 1052 733 1103 il
751 1071 757 1101 ι
774 1051 833 1103 «Μ.
847 1053 914 1104 Cato
936 1051 964 1102 in
978 1051 1104 1103 orationis
1116 1049 1257 1121 principio,
1277 1064 1355 1117 quam

324 1132 393 1186 dixit
404 1133 433 1185 in
447 1147 541 1186 senatu
558 1151 609 1206 pro
623 1134 831 1196 Rhodiensibus,
846 1153 906 1186 cum
920 1134 1001 1187 vellet
1014 1153 1055 1187 res
1067 1133 1147 1186 nimis
1160 1149 1301 1204 prosperas
1311 1132 1353 1184 di-

322 1239 391 1283 cere,
408 1220 496 1273 trihus
514 1218 649 1273 vocabulis
668 1221 736 1272 idem
757 1221 936 1274 sentientibus
953 1221 1039 1274 dixit:
1062 1218 1122 1275 Soio
1134 1220 1215 1273 solere
1222 1217 1356 1288 plerisque

322 1305 459 1360 homitibus
485 1305 512 1358 in
537 1307 612 1357 rebus
633 1306 758 1358 secundis
777 1312 857 1376 atque
879 1305 989 1375 prolixis
1006 1315 1086 1377 atque
1098 1305 1231 1377 prosperis
1243 1309 1352 1358 mum

320 1389 456 1447 excellere,
466 1395 546 1456 atque
559 1383 702 1466 superbiam
715 1394 794 1456 atque
799 1386 925 1456 ferociam
934 1407 1081 1460 augescere.
1095 1411 1107 1438 a

285 1501 311 1552 in
328 1503 403 1553 rebus
416 1498 548 1566 secundis]
568 1499 781 1571 praepositionem
795 1499 822 1552 in
835 1499 924 1553 addidi
934 1500 1050 1556 enGell.
1066 1501 1140 1566 ΧΙΙΙ,
1154 1503 1199 1553 Ἡ.

280 1625 566 1693 atquc-atqueatquc]
590 1623 659 1676 hanc
683 1622 841 1694 particulam
865 1636 935 1676 amat
961 1624 1039 1686 Cato,
1062 1634 1131 1676 emat
1152 1621 1349 1674 vetustissimus

315 1711 428 1777 quisque
448 1707 603 1762 Latinorum
615 1719 753 1760 auctorum
773 1727 779 1758 ι
795 1707 865 1777 quod
879 1720 970 1780 postea
988 1707 1083 1761 imitati
1100 1710 1205 1760 Marcus
1215 1706 1349 1758 ¹Aurelius

274 1817 277 1826 ›
314 1801 393 1860 atque
406 1791 514 1844 Fronto.
528 1789 579 1842 llle
598 1791 669 1843 euim
681 1790 752 1862 apud
766 1792 924 1844 Frontonem
938 1792 1024 1862 Epist.
1040 1791 1075 1855 11,
1093 1793 1123 1842 16
1135 1811 1143 1842 t
1159 1793 1216 1863 Ego
1230 1789 1288 1855 tibi,
1300 1789 1345 1850 ait,

313 1875 345 1927 de
357 1873 470 1944 patrono
485 1893 539 1926 mco
555 1876 596 1927 M.
614 1873 708 1927 Porcio
723 1873 827 1946 gratias
844 1894 904 1946 ago,
921 1875 992 1947 quod
1003 1894 1060 1928 eum
1077 1877 1162 1927 crebro
1175 1873 1288 1927 lectitas.
1308 1875 1331 1924 T
1328 1894 1345 1924 u
1406 1925 1408 1928 .

314 1953 416 2009 »aalide
434 1955 466 2010 C.
487 1957 578 2028 Crispo
593 1957 668 2010 timeo
682 1965 713 2009 ut
727 1975 848 2028 umquam
858 1958 961 2031 gratias
976 1978 1053 2032 agere
1061 1958 1163 2029 possis:
1180 1977 1239 2010 nam
1248 1956 1344 2009 uniM.

311 2041 404 2095 Porcto
417 2041 582 2098 mededa’eavt'
590 2057 668 2116 atque
683 2043 806 2116 despondi
812 2058 891 2116 atque
902 2045 1028 2118 delegavi.
1045 2047 1100 2099 Hoc
1110 2045 1189 2100 ctiam
1203 2045 1285 2120 t'posum
1297 2053 1349 2102 At·
1390 2101 1393 2116 ,

310 2145 361 2198 que
371 2128 552 2199 undeputas?
561 2147 595 2180 ex
608 2128 765 2200 t'psofisror!

274 2251 326 2304 hac
337 2258 394 2319 res]
414 2251 515 2304 bellum
528 2252 672 2305 Persicum.
690 2253 799 2318 [Statim
816 2252 876 2304 cod.
892 2253 959 2324 Reg.
968 2253 1125 2325 processit.]
1195 2245 1197 2248 ⁵

271 2375 385 2430 advorsa
401 2396 443 2429 res
459 2376 591 2444 edomant]
610 2376 820 2430 emendationem
837 2377 926 2447 recepi
942 2377 1034 2430 Pricaei
1054 2379 1087 2430 ad
1109 2379 1270 2450 Appuleium
1285 2385 1343 2436 Me·

307 2473 368 2516 tam.
378 2479 425 2526 vn,
439 2481 467 2533 p.
484 2463 532 2516 287
543 2461 586 2514 ed.
600 2461 723 2514 Oudend.
735 2460 857 2534 intellige
871 2461 987 2514 edomant
996 2461 1216 2536 aemmvulgo
1224 2464 1341 2521 adoersoe

305 2562 347 2595 res
359 2563 386 2596 se
398 2545 512 2596 dmoni.

269 2633 281 2660 *
300 2650 317 2683 a
330 2639 400 2685 recte
417 2632 583 2700 comedendo]
601 2632 661 2685 cod.
674 2633 741 2706 lieg.
757 2651 774 2684 a
790 2651 868 2685 auore
886 2651 953 2685 cons.
970 2632 1049 2701 Quod
1063 2632 1272 2708 sornneaeoipi
1290 2637 1338 2692 de-

304 2719 393 2774 behet.

266 2859 348 2913 neque
358 2863 443 2916 regem
454 2845 554 2897 Persen
565 2843 670 2910 ot'cisse]
690 2845 747 2914 Ego
765 2843 871 2914 quidem
889 2862 995 2908 censeo,
1016 2843 1215 2898 Rhodiensibus
1231 2850 1335 2920 gratius

301 2925 394 2990 fuisse,
408 2928 431 2978 si
443 2926 588 2979 infeliciter
599 2937 692 2978 contra
709 2929 807 2978 Persen
820 2917 984 2997 pugnassent
1002 2927 1126 2989 Rotnani,
1141 2929 1218 3001 iique
1240 2933 1333 3003 potius

303 3013 337 3062 ob
354 3013 403 3065 illo
419 3011 593 3065 essentvioti.
616 3011 668 3064 Sed
687 3025 781 3083 praeter
800 3013 965 3066 Rhodienses
984 3014 1062 3067 multi
1080 3015 1126 3068 alii
1149 3019 1244 3089 populi
1261 3019 1331 3074 idem

297 3099 452 3170 cupiebant,
473 3118 506 3154 ne
525 3099 605 3151 nimis
623 3111 746 3170 potentes
768 3099 863 3153 fierent
881 3101 1008 3168 Romani,
1033 3121 1082 3155 nec
1104 3117 1205 3158 ceteros
1228 3125 1334 3178 quoque

299 3182 413 3254 populos
424 3183 475 3236 suh
488 3183 628 3253 imperium
640 3202 719 3236 suum
730 3183 887 3255 redigerent.

260 3309 332 3362 ltaud
343 3309 394 3362 scio
410 3315 461 3376 aas]
481 3310 572 3364 eodem
591 3328 672 3362 sensu
688 3310 798 3373 dictum,
814 3329 893 3382 quoa
914 3311 1041 3366 Cicerone
1063 3313 1116 3366 dici
1142 3315 1228 3380 solet;
1250 3317 1329 3371 aliter

294 3395 326 3446 C.
348 3391 486 3446 Gracchus
503 3393 532 3446 in
549 3395 666 3447 oratione
686 3397 728 3446 De
752 3393 849 3468 legibus
869 3414 887 3447 a
904 3415 932 3448 se
945 3396 1130 3470 promulgatis,
1144 3418 1173 3470 p.
1202 3403 1260 3464 ild,
1281 3402 1328 3454 uhi

293 3499 320 3533 v.
340 3492 440 3533 uotam.

291 3602 395 3657 Partim
413 3611 515 3672 eorum]
534 3605 568 3658 de
580 3605 630 3658 hac
642 3606 840 3660 constructione
853 3626 879 3658 v.
893 3604 1039 3659 Ruhnken.
1051 3608 1157 3663 Dictata
1168 3612 1203 3664 ad
1212 3614 1323 3666 Terent.

291 3693 355 3744 lieo.
371 3692 475 3766 prolog.
499 3693 534 3759 ll,
558 3694 584 3757 7,
598 3704 626 3746 et
644 3695 775 3767 lleusiug.
797 3694 829 3746 ad
842 3695 923 3746 Corn.
938 3695 1035 3766 Nepet.
1054 3697 1135 3750 Attio.
1159 3719 1184 3752 c.
1203 3701 1229 3754 l.
1243 3699 1319 3754 soth.

289 3793 317 3846 p.
338 3776 383 3828 86.

251 3898 620 3967 nostroecontumels'oecausa]
641 3919 697 3953 uon
712 3902 788 3955 utin
809 3901 980 3973 ignominiam
1003 3918 1030 3957 et
1053 3907 1180 3961 dedecora
1200 3910 1325 3963 incurre-

288 4009 385 4043 murus.

248 4119 391 4176 vereremur
407 4105 434 4149 et
445 4102 510 4166 qia]
530 4097 621 4148 Carrio
639 4095 739 4150 addidit
750 4103 789 4149 et.
806 4099 923 4151 Gronov.
937 4099 1066 4175 conjecit:
1081 4122 1227 4157 vereremur
1238 4107 1318 4177 quod·

283 4205 334 4256 que
345 4186 454 4245 luberet,
454 4186 613 4251 faceremus,
632 4183 702 4254 quod
715 4185 808 4256 probo.
824 4189 876 4254 [Et
888 4188 923 4241 ita
936 4189 1118 4261 scripsimus]
1213 4233 1214 4238 ,
