2916 4838
647 349 713 424 tot

129 513 188 554 nes
211 493 423 574 suspiciendas
444 505 548 557 tumen
560 505 681 554 censeo.
698 493 778 554 Sunt
793 490 859 552 illa
874 489 996 571 quidem
1010 491 1228 570 languidiores,

130 606 347 655 verumtamen
372 607 499 674 possunt
511 611 626 672 augere
640 603 672 654 et
693 589 782 673 quasi
802 593 886 653 alere
908 592 939 652 id
955 591 1082 683 bonum,
1106 596 1185 674 quod
1199 597 1232 656 in

129 701 184 761 illo
204 697 409 762 mediocriter
422 699 515 764 luisse
533 697 743 774 concedimus,
761 702 841 782 quod
862 698 957 761 hahet
978 711 1097 760 tantam
1109 695 1184 773 rint,
1200 713 1234 762 ut

128 800 229 861 solum
244 796 714 882 sinealiisinCurionespeciem
728 795 863 866 oraturis
878 797 1009 880 alicujus
1018 797 1168 860 effecerit.
1243 865 1246 870 ,

175 901 399 976 Argumentum
420 899 510 963 Orat.
530 901 564 962 in
581 903 617 962 P.
640 899 781 963 Clodium
795 914 827 962 et
841 899 1010 962 Curionem
1023 897 1186 961 Ciceronis
1201 919 1231 979 p.

129 998 172 1059 86
186 998 234 1058 ed.
249 1000 351 1061 Beier.
365 995 409 1082 (p.
424 1000 487 1064 330
500 1003 552 1064 etl.
563 1000 699 1085 Ooell.)=
720 1000 799 1064 Tun
813 1000 875 1059 illis
889 998 1076 1077 temporibus
1089 999 1235 1059 Curiones

130 1093 244 1156 illustri
257 1100 527 1180 treminefuenmt,
542 1115 631 1184 utque
646 1105 688 1158 itu
709 1104 741 1158 iu
755 1098 843 1158 libris
855 1095 1114 1186 adhucsenmtur.

167 1228 192 1284 ln
205 1233 292 1304 lierni]
311 1238 411 1308 Nempe
429 1238 458 1289 in
475 1257 567 1290 eorum
582 1237 755 1302 orationibus,
774 1254 833 1306 quae
846 1235 932 1298 adhue
945 1234 1235 1306 supererunt,cuu1hic

202 1324 406 1376 commentarius
417 1323 587 1378 scriberetur.
600 1322 703 1378 Mar'us.

174 1460 253 1534 thiu.
270 1480 302 1542 p.
319 1457 359 1532 88
371 1461 441 1546 (331
460 1461 550 1540 Oui:
564 1459 781 1540 Minacissitnis
788 1461 890 1538 Clodii
900 1460 1029 1539 vocibus
1037 1462 1240 1534 vehementer-

132 1575 165 1622 et
179 1561 332 1624 acerrimo
351 1562 464 1644 spiritu
477 1563 536 1624 hac
549 1559 692 1625 oratione
705 1562 817 1625 Cicero
832 1563 1003 1645 respondit,
1018 1561 1159 1636 ducrum,
1173 1575 1236 1627 tant

133 1658 230 1742 ipsius
240 1680 331 1741 quam
339 1657 494 1721 Curionis.

169 1814 247 1866 quam
263 1791 401 1860 Curionis]
415 1794 435 1844 i.
453 1811 478 1844 e.
492 1793 541 1844 hac
557 1793 674 1845 oratione
692 1794 785 1846 Cicero
800 1793 938 1864 respondit
952 1793 1107 1845 orationibus
1124 1794 1237 1846 duorum

205 1893 257 1934 etc.
269 1878 400 1932 Maiusln
409 1877 519 1929 duorum
533 1877 614 1930 latare
633 1878 740 1930 ridetur
750 1878 909 1948 corruptela.
926 1879 1010 1930 Orell.

175 2005 309 2093 Quintil.
327 2007 379 2080 Vl,
400 2005 430 2080 3,
448 2003 488 2066 76
507 2001 640 2068 :Cicero
656 2001 824 2080 Curionem
845 2019 966 2099 semper
981 2003 1020 2066 ab
1038 2004 1237 2084 excusatione

132 2105 234 2190 etatis
248 2105 464 2190 incipientem
480 2105 600 2173 facilius
611 2104 942 2190 quotidie'prooemium
957 2106 1085 2182 habere,
1102 2103 1192 2168 dixit.

175 2209 300 2276 Sueten.
317 2209 396 2274 Ces.
415 2229 445 2270 c.
464 2207 504 2270 52
524 2226 532 2268 ε
549 2207 646 2272 Curio
668 2222 758 2290 pater
772 2210 904 2294 quadam
920 2205 1073 2274 Cesaram
1093 2205 1237 2274 oratione

134 2309 270 2365 omnium
292 2307 450 2366 mulierum
479 2310 580 2365 uirum
608 2320 637 2364 et
659 2310 799 2372 omnium
831 2310 967 2376 rrirorum
993 2307 1154 2366 mulierem
1181 2327 1235 2392 ap-

133 2405 240 2487 pellat.

176 2501 258 2566 ibid.
274 2503 350 2566 Caes.
363 2523 391 2563 c.
411 2502 450 2564 50
464 2523 473 2562 r
487 2501 633 2584 Pompeio
642 2499 873 2589 aCurionibus,
888 2513 977 2583 patre
991 2516 1023 2566 et
1036 2502 1111 2578 filio,
1127 2524 1235 2586 expro-

133 2602 257 2662 bratum
269 2611 325 2675 est,
342 2600 423 2684 quod
437 2595 525 2680 ctq‘us
536 2619 628 2658 carisa
638 2614 708 2677 post
718 2613 779 2657 tres
794 2599 907 2658 liberos
920 2604 1073 2676 exegisset
1090 2621 1232 2670 uxorem,

131 2711 163 2758 et
191 2717 283 2782 quem
303 2717 428 2776 gemens
453 2695 629 2776 AEgistltum
655 2695 808 2775 appellare
829 2708 1013 2772 consuesset,
1041 2693 1109 2780 ejus
1128 2713 1235 2775 postea
1275 2779 1279 2794 .

122 2795 231 2876 filiam
243 2798 385 2872 potentiue
396 2795 558 2871 cupiditate
567 2798 600 2852 in
611 2797 840 2852 matrimonium
851 2797 1025 2870 recepisset.

180 2896 260 2958 lbitl.
278 2917 307 2960 c.
321 2894 382 2958 49:
399 2895 553 2957 Pretereo
569 2895 709 2956 actiones
729 2893 898 2958 Dolabellae
917 2907 948 2957 et
964 2895 1109 2957 Curionis
1123 2895 1232 2978 patris,

133 2999 168 3070 in
183 2995 377 3076 quibuscum
394 2992 578 3079 (Cesaram)
595 2992 767 3057 Dolabella.
782 2993 926 3070 pellicem
939 2998 1070 3074 regine,
1086 2997 1235 3075 spondam

133 3102 310 3158 interiorem
335 3100 430 3171 regite
460 3095 597 3168 lecu'cce,
622 3105 655 3157 et
678 3090 796 3167 Curio,
824 3093 973 3160 orchidum
1001 3095 1179 3157 lliccmedis
1206 3111 1235 3155 et
1264 3084 1330 3161 166

136 3195 333 3276 Bithynicum
334 3194 494 3273 fhrut‘cem
503 3194 621 3254 dicunt.

177 3296 261 3355 ldem
285 3291 331 3352 ib.
356 3310 386 3351 e.
404 3292 421 3353 9
441 3312 449 3349 τ
466 3283 674 3352 Meminerant
695 3287 920 3369 conjurationis
940 3288 1160 3354 caenisium
1191 3295 1233 3352 M.

135 3393 248 3454 Crasso
268 3386 421 3454 Tanusius
440 3389 601 3455 Geminus
625 3399 656 3464 et
676 3386 713 3452 C.
737 3387 832 3450 Curio
856 3399 947 3470 pater
967 3388 1003 3454 in
1029 3385 1235 3450 orationibus.

138 3493 322 3554 Converzisse
334 3492 430 3554 Curio
445 3489 499 3564 ait,
515 3505 546 3548 ut
558 3505 662 3570 togam
673 3491 710 3548 de
723 3488 849 3548 humero
863 3484 1017 3570 deJieeret.
1029 3492 1113 3551 ldem
1127 3489 1233 3564 Curio,

134 3593 191 3660 sed
202 3601 234 3652 et
248 3592 454 3662 libencius
474 3591 566 3665 lisso,
580 3599 723 3650 suctores
735 3601 818 3660 sunt,
835 3593 1028 3667 conspirasse
1046 3609 1116 3650 eum
1139 3594 1234 3652 etrum

135 3683 206 3750 cium
223 3687 276 3748 Cn.
294 3689 407 3774 Pisone
420 3689 617 3751 adolescente.

177 3783 332 3852 Priscian.
350 3789 437 3862 Vlll,
449 3787 480 3862 4,
495 3808 527 3868 p.
546 3786 603 3848 371
620 3807 628 3844 ε
645 3785 740 3848 Curio
753 3795 842 3869 puter
855 3786 1039 3870 :Nusquam
1055 3788 1232 3862 demolitur,

134 3909 284 3974 nusquam
296 3901 482 3948 exoneratur
492 3887 636 3966 pecunia,
649 3885 808 3948 dentalibus·
817 3886 939 3968 passive
954 3885 1042 3954 dixit.

147 4022 155 4033 “
172 4029 325 4098 ll'usquam]
347 3989 485 4076 treseotld.
497 4023 600 4077 Krehlii
614 4040 755 4094 nunquam.

178 4169 266 4231 Dixit
286 4180 437 4250 praeterea
453 4167 549 4230 Curio
567 4187 627 4245 pro
642 4167 798 4249 fratribus
823 4167 928 4228 Cossis
948 4181 1051 4226 contra
1071 4168 1239 4234 Antonium

1053 4281 1088 4332 36
