2954 4840
725 323 793 397 357

206 467 275 514 tara
287 459 358 516 νίάισ
366 479 522 534 qumquam
534 461 692 532 quadripedo
703 463 891 518 conadacursu
904 464 925 508 t.
936 474 962 508 a.
972 472 1005 525 p.
1015 473 1143 526 nusquam
1148 461 1237 529 jesta-

209 553 259 600 tcm
267 547 383 602 studere.

179 669 240 730 Dio
250 671 373 733 Cassius
384 673 465 746 LIX,
486 674 522 738 19
541 693 548 731 t
567 683 595 735 ‘0
610 681 638 735 di
651 681 682 740 sl
697 685 796 740 Σενέκας
811 682 925 740 elsae<
937 682 1046 744 Δσίσιιρς,
1061 684 1072 733 ὁ
1085 681 1178 741 πάντας
1195 683 1237 751 μὲν

131 770 189 827 τοὺς
202 773 256 822 καθ’
270 772 352 824 ἑαυτὸν
367 770 507 842 Ῥωμαίους,
521 772 622 830 πολλοὺς
631 769 658 826 di
668 769 710 824 καὶ
723 769 808 829 ἄλλους
817 769 891 840 σοφίᾳ
903 769 1035 840 ὑπεράρας,
1051 766 1166 840 dstqdoipu
1177 767 1238 839 παρ’

133 864 225 936 ὀλίγον,
241 867 298 936 μήτ’
308 864 426 927 ἀδικήσας
442 869 536 938 rspice
547 865 625 930 δόξας,
642 869 677 919 ὅτι
692 864 897 937 dissertatore
911 863 1024 937 συνεδρίῳ
1038 867 1154 936 παρόντος
1164 865 1236 918 αὐτοῦ

130 960 233 1034 (Γαΐου)
242 971 322 1024 καλῶς
334 959 394 1018 εἷπε.

170 1117 264 1179 καλῶς]
280 1111 353 1164 'idem
367 1111 464 1185 legitur
473 1112 502 1164 in
515 1114 602 1166 Vatie.
617 1113 718 1186 Fragm.
731 1115 811 1166 Dion.
822 1113 895 1166 cass.
911 1115 956 1166 85.
970 1089 972 1097 .

127 1307 131 1314 =
176 1263 301 1328 Sueton-
323 1262 425 1342 Calig.
446 1283 474 1324 c.
501 1264 562 1326 53:
579 1261 719 1342 Caligula
733 1266 833 1328 lenius
846 1266 1058 1350 comptiusque
1079 1265 1236 1328 scribendi

132 1384 231 1444 geusae
241 1365 317 1426 adeo
325 1375 527 1425 contemnens
533 1359 604 1437 tuit,
614 1376 649 1425 ut
656 1365 819 1436 Senecam,
831 1381 894 1426 tom
902 1362 1233 1445 maximeplcrentem,

132 1464 368 1522 commissiones
387 1480 492 1520 meros
516 1480 701 1540 componere
724 1477 755 1520 et
773 1483 903 1522 arenam
925 1467 1074 1526 eccesiae
1093 1462 1177 1522 ealce
1191 1461 1235 1522 di·

132 1575 232 1626 cerel.

177 1662 277 1730 Tacit.
301 1663 385 1725 Ann-
405 1658 500 1730 xm,
519 1660 556 1720 3:
573 1660 633 1720 Die
647 1659 763 1722 lunaris
777 1662 986 1725 laudationem
1002 1661 1070 1743 ejas
1084 1663 1231 1745 princeps
1260 1641 1330 1712 239

133 1781 263 1825 exorsus
277 1774 334 1823 est.
360 1762 442 1822 Dum
456 1765 664 1844 antiquitatem
677 1767 813 1842 generis,
828 1764 1000 1824 consumtus
1014 1784 1053 1823 ae
1066 1762 1234 1840 triumphos

132 1857 295 1943 majorum
306 1860 518 1932 enumerabat,
529 1860 667 1924 intentos
678 1857 745 1944 ipse
759 1875 791 1924 et
801 1865 910 1936 ceteri,
924 1863 1098 1924 liberalium
1113 1881 1232 1944 qnoque

131 1967 248 2022 artium
260 1963 522 2038 commemoratio,
540 1974 573 2024 et
585 1960 661 2020 nihil
669 1979 791 2042 regente
804 1984 841 2026 eo
856 1969 935 2044 reip.
948 1969 1035 2025 triste
1048 1965 1087 2023 ab
1098 1967 1232 2024 externis

131 2061 295 2136 accidisse,
312 2063 421 2145 pronis
435 2061 546 2124 animis
566 2057 688 2124 audita:
704 2076 864 2144 postquam
883 2066 924 2123 od
938 2065 1164 2143 providentiam
1183 2083 1232 2122 so·

130 2162 340 2243 piemiamque
357 2157 453 2230 flexit,
475 2177 566 2220 nemo
585 2154 662 2220 risui
680 2169 866 2242 temperare,
883 2179 1066 2242 quamquam
1084 2164 1193 2233 oratio,
1213 2181 1233 2216 σ

133 2255 250 2315 Seneca
263 2261 445 2336 composita,
463 2257 592 2316 multum
605 2257 699 2317 cultus
710 2261 885 2339 praeferret,
900 2261 1001 2340 utsuit
1015 2259 1060 2318 illi
1069 2263 1138 2318 υἰνσ
1152 2261 1234 2337 inge·

131 2357 220 2412 nu'um
234 2374 386 2414 amoemm
400 2368 430 2412 et
443 2357 590 2430 temporis
602 2349 668 2432 seJ'us
682 2353 807 2414 ausibus
820 2356 1097 2415 accommodatum.

168 2491 233 2562 ejus]
241 2487 347 2541 Claudii
361 2487 525 2558 imperatoris
537 2507 585 2558 per
598 2488 768 2560 Agrippinam
783 2506 891 2541 uxorem
903 2507 1006 2541 veneno
1017 2489 1104 2542 necati
1116 2507 1187 2544 anno
1198 2491 1230 2541 ll.

202 2571 433 2643 cooperiret.

165 2685 292 2754 princeps]
303 2681 382 2732 Nero.

173 2805 282 2869 Oratio
298 2805 423 2868 Senecae
441 2810 481 2869 ad
495 2809 651 2872 Neronem
666 2819 766 2871 exstat
784 2806 818 2869 in
833 2805 937 2871 Taciti
953 2809 1070 2870 Annal.
1084 2807 1176 2882 Xlll,
1192 2807 1230 2871 53

130 2920 162 2968 et
180 2907 233 2968 st.
254 2905 416 2978 Occiditur
428 2908 512 2994 jussu
527 2911 661 2974 Neronis
682 2932 711 2972 a.
733 2911 773 2977 U.
786 2911 861 2985 818,
882 2930 914 2992 p.
928 2909 965 2972 C.
980 2908 1030 2980 66.
1052 2911 1127 2972 Tac.
1143 2913 1230 2972 Ana.

131 3007 199 3083 XV,
214 3009 266 3070 60.

437 3150 509 3223 Cll.
538 3150 579 3223 C.
601 3149 722 3244 Caesar
740 3147 923 3247 Caligula.

175 3353 780 3439 Accepitimperinma.U.789,p.Ch.
795 3355 849 3418 37.
1207 3421 1211 3426 ,

173 3453 243 3517 Uno
260 3466 379 3517 tautum
392 3454 638 3536 adprobandum
652 3451 817 3516 innitimur
831 3454 911 3528 loco,
928 3453 1100 3533 Caligulam
1115 3452 1231 3516 oratio-

133 3569 188 3610 nes
208 3547 353 3612 edidisse.
378 3553 521 3632 Legimus
541 3550 624 3612 enim
644 3547 926 3634 apua-Suetonium
940 3548 1040 3630 Galig.
1058 3571 1087 3613 c.
1106 3551 1164 3612 53:
1187 3551 1232 3612 Ex

131 3645 305 3732 disciplinis
313 3648 493 3714 liberalibus
507 3647 668 3713 minimam
683 3650 861 3724 ertnlitioni,
872 3647 1054 3732 eloquentie
1066 3651 1231 3732 plmimnm

131 3749 275 3820 attendit,
293 3749 490 3829 quantumvis
503 3748 652 3813 facundus
671 3759 704 3811 et
724 3763 896 3833 promptus,
913 3749 1019 3831 utiquc
1034 3750 1061 3812 si
1082 3769 1230 3831 peroran-

132 3845 204 3908 dnm
219 3845 253 3908 in
267 3845 399 3926 aliquem
414 3859 505 3908 esset.
529 3848 616 3910 Irato
631 3861 664 3909 et
677 3847 776 3910 verba
789 3860 822 3910 et
835 3847 997 3933 sectemini
1011 3848 1228 3930 suppetebant.

131 3941 259 4007 Solebat
272 3945 368 4008 etiam
381 3944 539 4027 prosperis
552 3959 710 4008 oratorum
730 3943 904 4010 actionibus
919 3946 1094 4010 rescribere
1114 3956 1146 4008 et
1166 3964 1229 4008 ma·

131 4058 263 4117 gnosum
271 4035 425 4104 insenatu
439 4059 561 4103 reorum
578 4040 790 4108 accusationes
804 4042 1057 4124 defensionesque
1071 4041 1227 4113 meditari,

132 4157 171 4208 ac
184 4156 278 4221 prout
290 4144 377 4208 stilus
393 4152 542 4218 cesserat,
560 4144 610 4206 vel
623 4165 756 4211 onerare
772 4145 926 4210 sententia
944 4163 1000 4210 sua
1014 4161 1165 4226 quemque
1180 4143 1231 4210 vel
1253 4143 1255 4146 ’
