2934 4846
634 295 674 364 11

105 447 226 496 mortuo
238 453 247 494 :
261 449 301 496 ex
313 445 374 516 quo
389 435 473 504 nulle
484 433 616 519 suspicio
630 447 678 497 est
688 435 834 498 amicitiae
846 453 939 498 causa
950 455 1016 497 esse
1030 439 1203 502 mentitum.

105 535 156 595 Est
174 536 270 614 igitur
286 536 333 597 sic
347 539 429 616 apud
441 537 526 598 illum
538 537 572 597 in
587 556 669 599 nono
683 537 733 620 (ut
744 537 874 620 opinor)
888 538 1002 598 Annuli
1018 559 1025 596 ε
1125 567 1144 594 a
1222 541 1226 562 '

174 737 178 753 .
222 693 346 748 Additur
360 698 450 750 orator
462 687 602 752 Corneliu'
617 693 820 766 suaviloquenti

225 787 282 846 Ore
296 788 432 862 Cethegus
445 779 561 860 1101011,
576 789 713 846 Tuditano
727 791 846 862 collega,

224 885 309 960 1110101
321 875 393 942 iilius
396 919 864 942 ...............

227 1018 398 1038 ......
419 973 446 1037 is
457 981 549 1036 dietus
560 971 621 1036 ollis
634 971 815 1054 popularibus
825 967 906 1048 olim,

225 1075 279 1148 Qui
290 1077 351 1134 tum
366 1073 499 1133 virebant
512 1076 639 1130 homines
650 1079 735 1146 atque·
744 1091 834 1130 aevum
845 1063 1004 1146 agitabant,

225 1165 288 1231 Flos
301 1165 441 1230 delibatus
452 1161 548 1244 populi
559 1159 711 1244 Suadaeque
722 1157 854 1226 medulla.

149 1347 228 1397 netto
252 1368 344 1428 quam
364 1359 478 1410 1000111
507 1345 630 1421 Graeci,
658 1344 743 1427 cujus
765 1343 894 1407 effector
917 1357 964 1408 est
984 1357 1103 1419 orator,
1130 1345 1212 1409 hanc

107 1445 239 1507 Suadam
268 1443 437 1526 appellavit
462 1442 608 1503 Ennius:
632 1440 700 1522 ejus
721 1454 823 1503 autem
848 1439 1017 1521 Cethegum
1046 1443 1212 1508 medullam

106 1541 199 1603 luisse
209 1543 287 1613 vult,
308 1553 355 1614 ut,
374 1543 465 1621 quam
479 1541 567 1600 deam
582 1539 615 1600 in
626 1537 758 1600 Periclis
767 1537 864 1598 labris
878 1540 1003 1621 scripsit
1015 1540 1140 1622 Eupolis
1148 1561 1211 1602 ses·

108 1637 258 1712 sitavisse,
273 1637 370 1718 hujus
378 1639 431 1698 1110
445 1634 610 1698 medullam
628 1648 767 1696 nostrum
782 1647 937 1698 oratorem
953 1636 1043 1698 luisse
1053 1637 1204 1699 dixerit.»

108 1734 156 1792 De
173 1735 282 1794 eodem
298 1731 448 1794 Catonem
472 1732 593 1793 inducit
617 1730 682 1793 Cic.
706 1729 818 1793 Caton.
838 1730 937 1806 011,
964 1731 1016 1806 50,
1033 1733 1209 1796 dicentem:

114 1855 130 1888 u
143 1833 188 1893 Μ.
201 1851 276 1894 vero
287 1833 493 1912 Cethegum...
506 1843 620 1912 quanto
634 1831 734 1892 studio
745 1831 885 1894 exerceri
893 1831 926 1892 111
942 1831 1072 1894 dicendo
1085 1833 1212 1895 videba-

109 1949 188 2004 mus,
200 1931 293 1992 etiam
309 1928 427 1993 senem!
446 1931 539 1990 u-C.
560 1930 717 1988 Terentius
729 1929 850 2005 Varro,
867 1949 885 1992 a
916 1931 974 1992 537
987 1930 1071 2007 Cos„
1085 1930 1151 1994 1010
1161 1951 1213 1994 ru·
1232 1953 1237 1976 *

109 2028 193 2106 bula,
210 2033 319 2112 dequo
332 2033 403 2095 Lir.
418 2023 521 2103 XXll,
539 2029 578 2093 26
590 2043 621 2091 et
636 2030 686 2092 38.
699 2065 742 2076 -
753 2029 796 2091 P.
808 2031 948 2090 Licinius
958 2031 1085 2092 Crassus
1098 2031 1208 2107 Dives,

110 2149 140 2190 a.
159 2128 221 2191 ott
239 2129 326 2202 Cos„
343 2133 382 2191 de
407 2149 466 2210 quo
478 2130 547 2191 Liv.
566 2129 665 2200 XXX,
687 2129 724 2188 lt
742 2155 756 2184 u
772 2129 1017 2191 Facundissimus
1026 2129 1211 2205 habebatur,

110 2249 164 2292 seu
176 2251 266 2293 causa
277 2234 407 2306 oranda,
430 2251 483 2294 seu
505 2231 539 2292 in
556 2243 679 2303 senatu,
697 2233 736 2292 ad
750 2233 906 2314 populum,
924 2233 1084 2308 suadendi,
1102 2251 1139 2296 ae
1153 2233 1214 2295 dis·

110 2332 259 2394 suadendi
269 2332 457 2404 locusesseta
468 2330 549 2412 juris
558 2329 709 2412 pontificii
721 2329 960 2411 peritissimus.»
976 2330 1066 2395 Coni.
1079 2333 1212 2396 Wetzel.

112 2433 151 2496 ud
175 2431 242 2494 Cic.
268 2425 338 2496 Cat.
362 2451 390 2494 u.
412 2437 447 2509 9,
473 2433 638 2494 27.—I)e
651 2433 692 2491 P.
718 2429 861 2491 Cornelio
887 2433 1047 2511 Scipione,
1074 2433 1216 2498 Africani

31 2545 38 2556 ·
112 2529 189 2603 11110,
205 2530 274 2593 Cic.
288 2523 378 2591 Brut.
395 2551 424 2593 0.
445 2530 496 2605 20,
519 2523 582 2592 tt:
605 2553 620 2586 a
639 2529 1216 2612 810010010101010001,100111110100

113 2627 197 2702 bitus
206 2639 286 2688 esset
297 2628 427 2688 disertus
440 2649 448 2688 t
461 2627 603 2688 iudicant
613 2639 675 2688 tum
686 2627 899 2701 oratiunculm,
918 2639 983 2686 tum
993 2626 1123 2689 historia
1137 2649 1220 2710 quae·

114 2728 185 2788 darn
199 2741 302 2806 graeca
317 2726 433 2807 scripta
447 2724 630 2786 dulcissime.
647 2751 659 2776 ι
676 2723 767 2788 cont.
788 2725 898 2788 Vellei.
923 2726 993 2788 Pat.
1013 2727 1038 2801 l,
1058 2725 1108 2800 10,
1128 2727 1159 2790 3.
1174 2743 1217 2774 -’-

115 2827 149 2888 S.
165 2825 270 2886 AElius
293 2825 414 2900 Pietas,
444 2823 629 2908 cognomine
655 2823 765 2897 Catus,
789 2824 898 2886 11555
921 2825 1004 2899 Cos,
1033 2825 1094 2888 560
1108 2825 1215 2900 Ceus,

112 2923 194 3008 juris
222 2923 322 2986 civilis
341 2922 400 2986 illo
427 2937 567 3006 tempore
588 2923 723 2986 omnium
738 2924 1001 2998 consultissimus,
1024 2928 1217 2991 «sedetiam

116 3023 156 3084 ad
165 3023 328 3084 dicendum
337 3035 475 3104 paratus,
491 3047 506 3080 1
521 3021 626 3083 verbis
635 3021 798 3086 Ciceronis
808 3025 897 3084 Brut.
914 3042 943 3085 o.
962 3023 1015 3100 20,
1032 3020 1102 3116 10]

163 3120 213 3182 13.
238 3119 366 3183 Omissis
378 3120 484 3200 igitur,
502 3121 554 3200 qui
566 3133 680 3202 praeter
694 3122 829 3182 nominis
843 3121 1025 3183 memoriam
1040 3121 1129 3185 famae
1140 3122 1220 3186 1111111

117 3221 325 3301 reliquerunt,
338 3221 441 3282 statim
450 3222 490 3282 ad
504 3221 554 3279 M.
571 3219 717 3278 Porcium
735 3217 881 3280 Catonem
892 3231 1094 3285 transeamus.
1108 3225 1170 3288 Sed
1181 3241 1222 3285 ue

117 3320 208 3402 hujus
217 3321 341 3402 quidem
356 3319 453 3382 vitam
465 3317 688 3391 enarrabimus,
707 3339 798 3400 quam
808 3322 887 3400 apud
896 3320 1108 3397 Plutarchum,
1125 3325 1222 3403 Nepo-

120 3429 196 3493 tem,
216 3418 348 3500 Livium,
373 3418 460 3493 alios,
477 3417 527 3479 vel
542 3428 637 3478 totam
655 3417 706 3477 rel
721 3437 761 3478 ex
774 3430 863 3498 parte
873 3419 1087 3482 adumbratam
1097 3419 1225 3482 studiosi
1299 3450 1303 3456 ·

121 3529 273 3596 quierant.
293 3514 334 3604 [N
338 3517 458 3578 0110111
470 3516 548 3576 Ger.
564 3515 655 3574 Com.
669 3513 885 3597 Brilleuburg,
899 3518 1043 3580 Diatribe
1058 3519 1105 3581 lit.
1125 3521 1164 3578 de
1178 3518 1222 3580 Μ.

124 3617 162 3677 Ρ.
177 3613 216 3676 C.
234 3615 396 3690 Censorio,
412 3614 512 3694 Lugd.
528 3615 597 3674 But.
614 3612 706 3688 1826,
722 3625 838 3694 proetcr
851 3618 919 3677 citt.
933 3636 950 3676 0
962 3617 1087 3698 Meyero
1102 3625 1136 3698 p:
1153 3612 1221 3704 tt]

125 3713 188 3776 Sed
210 3712 376 3790 imaginem
396 3710 462 3793 ejus
483 3721 631 3789 tanquam
649 3711 782 3772 oratoris
800 3731 961 3794 ponamus.
979 3715 1077 3774 Natus
1094 3715 1173 3778 Cato
1194 3735 1225 3776 a.

129 3812 203 3886 519,
225 3808 340 3870 mansit
353 3811 392 3893 ad
407 3831 437 3870 0.
453 3807 527 3882 604,
544 3805 598 3868 Μ’.
612 3805 782 3885 Manilium,
801 3812 838 3874 Li
852 3809 1002 3872 Manuium
1018 3811 1106 3873 Coss.
1126 3809 1229 3894 (Plin.

132 3912 172 3971 li.
189 3913 230 3973 Ν.
250 3910 364 3981 xxix,
387 3909 425 3981 1,
447 3909 514 3973 Cic.
536 3911 623 3970 Brut.
644 3926 674 3967 c.
687 3906 771 3994 20⁸),
786 3911 961 3990 quanquam
988 3911 1042 3974 alii
1054 3911 1151 3973 vitam
1166 3909 1233 3991 ejus

133 4008 253 4086 longius
264 4010 451 4091 producunt,
466 4008 614 4072 etLivius
631 4006 776 4081 XXXIX,
794 4007 847 4082 10,
864 4029 946 4070 anuo
964 4029 1033 4070 eum
1048 4008 1232 4087 octogesimo

129 4104 242 4187 quinto
258 4126 367 4167 causas
373 4105 471 4184 egisse
485 4117 518 4167 et
531 4103 728 4182 nonagesimo
740 4105 881 4168 Servium
893 4106 1026 4169 Galbam
1041 4105 1074 4166 in
1086 4101 1233 4185 judicium

1077 4217 1091 4266 3
