2904 4840
607 326 652 400 63

86 468 246 555 probabile
259 419 428 534 videretur.
441 469 532 558 Quod
544 487 642 548 genus
656 481 803 548 tanquam
828 465 1006 548 scriptionis
1019 467 1181 530 materiem

1 581 2 626 t
87 591 149 655 prae
166 571 239 654 ipae
264 570 370 634 laudat
389 566 602 657 Quintilianus
618 569 659 645 X,
676 571 707 644 5,
731 570 765 630 Π
791 587 859 650 sqq.
871 568 1030 648 Quantum
1044 567 1180 629 rhetores

1 655 2 702 ³
85 673 249 750 Augustae
259 670 371 742 etatis,
384 690 423 732 ne
441 667 611 730 sanissimis
624 666 758 748 quidem,
770 677 806 726 ut
818 665 966 740 Latrone,
982 663 1132 744 exceptis,
1142 665 1181 726 ab

85 773 143 835 bac
157 772 229 834 reri
244 770 445 840 similitudine
455 770 549 848 vulgo
563 767 762 842 recesserint,
777 764 956 830 testimonio
969 777 1042 828 sunt
1061 763 1185 827 Seneeoe

88 872 390 943 controversiae,·rel
402 869 538 953 pueriles
553 869 623 943 illae,
646 869 697 931 rel
719 879 915 950 portentosa.
933 869 1000 928 Hoc
1022 864 1136 927 diserte
1155 877 1188 926 et

88 988 159 1031 cum
173 981 285 1029 ornata
297 966 493 1051 persequitur
506 967 634 1030 Sueton.
655 968 704 1027 De
716 965 794 1027 clar.
812 966 909 1026 rhett.
933 964 956 1025 l.
980 984 1008 1027 c.
1034 965 1188 1056 Praeterea

87 1086 157 1137 mos
175 1065 286 1129 Graeca
298 1064 455 1137 vertendi,
470 1063 619 1144 tanquam
640 1061 745 1126 Crassi
762 1071 795 1125 et
818 1059 981 1124 Ciceronis
993 1060 1189 1138 Quintiliano

88 1166 325 1229 commendatur
334 1165 376 1238 X,
394 1165 426 1236 5,
439 1164 491 1240 20,
508 1182 681 1244 quanquam
695 1164 776 1244 apud
790 1162 892 1244 ipsum
901 1161 1084 1225 Ciceronem
1096 1161 1189 1243 hujus

90 1266 139 1328 rei
152 1265 325 1327 auctoritas
338 1281 402 1325 non
417 1274 526 1324 exstat.
542 1262 602 1326 Sed
612 1263 756 1326 lecerunt
770 1265 885 1325 Brutus
895 1275 928 1324 et
938 1259 973 1324 in
991 1259 1101 1344 primis
1111 1263 1189 1324 bles-

87 1365 168 1436 sala,
187 1377 221 1425 et
234 1375 379 1442 tanquam
390 1362 629 1444 usitatumponit
641 1364 807 1426 Suetonius
826 1363 849 1425 1.
868 1385 896 1427 e.
916 1361 1036 1424 Deinde
1061 1362 1114 1424 vel
1138 1381 1201 1440 re*¹

92 1463 295 1526 scribebatur
308 1461 407 1524 causis
418 1459 514 1538 reris,
539 1463 589 1525 vel
609 1464 690 1544 quod
713 1465 825 1526 Brutus
846 1465 881 1526 in
894 1462 1064 1525 Miloniana
1085 1461 1192 1526 recisse

92 1563 229 1625 traditur
244 1560 392 1646 aQnintil
402 1561 444 1634 x,
461 1564 491 1640 5,
509 1561 562 1636 20,
577 1564 716 1626 eamdem
729 1565 893 1626 materiam
908 1563 947 1624 ab
958 1575 1090 1642 utraque
1103 1573 1194 1645 parte

96 1658 234 1738 aggressi
246 1657 471 1741 impugnabant
483 1658 534 1719 vel
545 1656 767 1733 defendebant3
781 1659 831 1720 rel
845 1656 938 1718 etiarn
951 1658 985 1718 in
1005 1657 1105 1720 causis
1117 1658 1196 1720 actis

95 1758 313 1826 elaborabant,
332 1758 414 1838 qnod
426 1757 524 1820 nobili
530 1760 724 1822 aemulatione
739 1760 821 1822 idern
837 1760 952 1820 Brutus
961 1769 992 1819 ct
1004 1758 1047 1818 M.
1060 1756 1198 1820 Calidius
1263 1811 1264 1814 ,

96 1858 252 1920 lecerunt.
273 1857 311 1918 V.
332 1854 467 1940 Quintil.
489 1853 530 1931 X,
550 1855 579 1931 l,
595 1855 647 1916 23.
669 1857 774 1935 Neque
792 1875 880 1918 secus
894 1854 1022 1917 Messala
1038 1867 1069 1916 et
1088 1853 1197 1915 Pollio.

102 1961 211 2039 Neque
224 1957 399 2031 defuerunt,
417 1955 469 2038 qni
483 1957 622 2019 carmina
635 1956 734 2018 soluta
746 1958 889 2020 oratione
901 1953 1124 2038 exprimerent,
1140 1975 1200 2037 quo

97 2076 215 2140 genere
226 2057 295 2121 Ser.
309 2054 466 2140 Sulpicius
480 2077 551 2118 usus
565 2057 700 2119 refertur
714 2057 755 2132 X,
776 2059 805 2128 5.
821 2057 853 2119 4.
864 2057 1073 2120 Recitationes
1084 2071 1198 2133 autem,

99 2159 247 2222 oratoriae
262 2169 395 2235 ιπιδιίξιις,
411 2170 446 2219 ut
458 2159 578 2224 Graecis
589 2157 812 2240 vetustissimae,
830 2159 875 2222 sic
889 2156 1038 2222 Romanis
1053 2178 1115 2221 non
1130 2174 1202 2222 ante

99 2259 288 2336 Augusteam
303 2270 423 2319 aetatem
451 2257 582 2336 cognita
597 2255 739 2326 {uernum
758 2268 790 2318 et
813 2257 852 2318 ab
871 2254 981 2320 Asinio
998 2257 1137 2321 Pollione
1152 2257 1199 2318 in·

100 2355 201 2418 ductae
214 2353 248 2415 in
259 2371 364 2428 usnm;
380 2375 413 2415 r.
431 2352 515 2434 Lips.
533 2354 630 2436 Epist.
647 2356 751 2418 select.
774 2366 898 2416 centur.
914 2355 958 2416 Xl
972 2356 1012 2416 ad
1022 2354 1132 2435 Belgas
1145 2374 1195 2437 ep.

99 2451 153 2526 48,
176 2451 259 2512 ande
275 2469 343 2525 sua,
358 2448 498 2530 quamvis
511 2447 702 2526 diffiteatur,
726 2449 857 2512 Wofilus
873 2451 1039 2532 desumpsit
1052 2448 1085 2512 in
1110 2451 1197 2532 prael.

101 2549 144 2610 ad
157 2546 372 2608 Mareellinam
382 2568 414 2628 p.
433 2545 509 2607 Xlll
519 2565 586 2628 sqq.
594 2579 638 2594 -
646 2543 743 2609 Varia
755 2559 914 2608 oratorum
929 2543 1063 2607 artificia
1077 2565 1147 2608 sero
1155 2550 1202 2610 de·

100 2636 189 2710 mum
207 2643 330 2724 cognita
341 2673 351 2724 5
362 2665 425 2710 non
435 2660 507 2710 ante
515 2645 716 2710 Hortensium
726 2647 885 2728 quisquam
897 2646 1067 2728 partitione
1075 2659 1128 2708 aut
1139 2648 1202 2710 col·
1240 2653 1243 2662 '

101 2745 292 2810 lectionibus
302 2767 372 2809 usus
382 2760 429 2810 est
438 2745 519 2825 (Cic.
532 2749 620 2809 Brut.
635 2768 665 2810 c.
679 2747 750 2834 88);
765 2746 798 2808 in
809 2744 1030 2830 primisautem
1042 2767 1203 2814 numerose

79 2923 83 2929 .
99 2862 134 2912 et
148 2861 221 2930 apte
237 2851 384 2910 cadentes
397 2847 564 2910 verborum
579 2846 870 2930 comprehensiones
883 2848 942 2912 hac
957 2860 1048 2910 aetate
1064 2849 1203 2914 invalue-

98 2961 180 3010 runt
191 2946 255 3030 (De
265 2961 345 3010 orat.
363 2950 425 3010 llI.
445 2949 484 3012 33
496 2962 528 3010 et
542 2950 598 3025 51>
611 2969 785 3032 quanquam
800 2950 867 3014 fare
881 2951 1107 3014 numerosiores
1121 2966 1204 3018 vete·

105 3059 161 3108 res
169 3044 366 3128 Quintiliano
375 3055 407 3108 et
417 3045 519 3110 Gellio
528 3046 684 3118 ridentur,
697 3067 786 3127 quam
799 3046 958 3124 Ciceroni.
972 3049 1129 3111 Praeterea
1136 3050 1203 3112 dili·

103 3152 217 3220 genter
226 3158 287 3203 vox
298 3151 331 3204 et
340 3153 441 3220 gestus
452 3140 792 3224 colebatur,'dequibus
801 3143 1046 3208 multusestcum
1053 3147 1206 3211 Cicerone

104 3235 330 3322 Quintilianus.
345 3239 385 3300 V.
394 3240 433 3301 de
441 3257 572 3320 possesor
582 3259 709 3303 numere
722 3241 835 3304 Pollet.
852 3239 1099 3306 HistloriRonr.
1115 3244 1202 3318 1,1t.

149 3338 203 3402 49.
227 3339 278 3403 Sic
297 3338 443 3404 instructi
461 3341 672 3403 adolescentes
690 3342 832 3420 ingenua
845 3339 958 3405 indolis
981 3344 1021 3405 ad
1035 3364 1140 3406 causas
1154 3363 1205 3422 ge·

104 3428 222 3502 rendae
228 3452 350 3506 mature
361 3441 495 3522 quidem,
511 3440 565 3503 sed
575 3429 638 3502 non
645 3439 792 3523 imparati
804 3447 976 3521 venerunt3
991 3444 1036 3506 sio
1051 3442 1205 3519 deCoelio,

103 3535 218 3610 Calvo,
234 3536 384 3612 Pollione,
402 3539 499 3600 Bruto
511 3535 697 3618 accepimus,
707 3558 809 3620 neque
820 3539 886 3622 ipse
899 3538 1013 3605 Cicero
1024 3559 1107 3602 anno
1123 3541 1208 3621 rige·

105 3635 183 3698 simo
198 3647 287 3699 sexto
295 3636 443 3714 insolem,
452 3657 543 3720 quem
553 3637 639 3708 dicit,
651 3650 683 3700 et
693 3641 853 3721 pulverem
864 3640 991 3724 prodire
1001 3639 1119 3704 veritus
1128 3641 1206 3706 est*.

109 3733 173 3796 Sed
189 3735 323 3816 pessimo
342 3731 466 3815 publico
489 3733 623 3799 invaluit
637 3748 672 3798 nt
686 3739 900 3802 accusationes
908 3738 1093 3821 'plerumque
1110 3743 1210 3804 adole·

142 3983 153 4011 ¹*
175 3982 219 4034 llli
235 3975 333 4048 autem,
353 4002 420 4055 quos
442 3989 502 4040 ante
528 3988 653 4056 diximus,
674 3991 832 4046 fulminibus
849 3991 1001 4057 Ciceronis,
1024 3994 1165 4064 quominus
1182 3992 1210 4042 in

104 4062 200 4118 eodem
215 4085 293 4136 opere
311 4066 488 4134 elaborarent,
504 4069 629 4126 deterreri
642 4093 699 4127 sese
715 4074 785 4147 passi
803 4087 856 4129 nou
872 4085 944 4137 sunt,
961 4085 991 4128 ut
1005 4073 1115 4145 pulchre
1128 4070 1210 4123 Colo-¹

110 4144 193 4201 melle
205 4147 227 4208 l,
239 4165 267 4216 pt
279 4151 309 4200 tt
328 4148 387 4221 Bip.
