2954 4840
802 359 871 429 320

183 488 255 558 202
351 499 491 570 prmcipuis
500 512 619 552 veterum
629 499 754 552 laudibus
763 499 931 561 celebratam,
941 498 972 550 od
982 498 1096 550 ambitus
1103 495 1235 568 judicium
1242 499 1388 570 pertinere,

353 603 413 637 cum
426 587 512 657 prima
526 585 622 637 luisset
635 585 668 640 de
681 583 826 658 majestate.

324 730 443 793 Seneca
453 729 604 793 Controv.
616 732 678 807 lll,
693 732 730 794 19
739 757 749 790 ε
759 730 873 796 Calvus
887 729 939 811 qni
951 728 1003 792 diu
1018 747 1088 791 cnm
1099 727 1251 790 Cicerone
1264 728 1390 811 iniquis·

282 828 393 888 simam
407 827 493 889 litem
507 829 545 889 de
558 829 736 910 principatu
750 826 931 908 eloquentiae
945 822 1066 900 habuit,
1078 843 1173 905 usque
1183 843 1220 885 eo
1232 821 1387 890 violentus

283 921 444 990 accusator
458 940 489 989 et
503 925 678 990 concitatus
693 929 762 1004 fuit,
786 941 821 990 ut
841 927 876 992 in
896 927 997 990 media
1017 923 1141 987 actione
1159 922 1228 1004 ejus
1245 941 1385 1006 surgeret

282 1028 426 1092 Vatinius
447 1048 518 1090 rens
540 1041 571 1091 et
592 1029 799 1092 exclamaret:
818 1029 903 1108 Rogo
924 1047 993 1102 vos,
1002 1025 1149 1114 judices,·
1171 1045 1257 1098 ηαιη,Ι
1280 1030 1311 1085 si
1332 1031 1387 1087 iste

282 1127 412 1190 disertus
424 1143 482 1202 est,
496 1129 565 1188 ideo
581 1149 632 1188 me
646 1127 790 1190 damnari
803 1125 945 1209 oportet?
959 1127 967 1148 '

323 1225 408 1288 Dial.
422 1228 460 1289 de
476 1238 558 1290 orat.
577 1247 608 1288 c.
621 1227 658 1288 21
674 1247 681 1287 ε
700 1227 770 1309 Ipse
784 1222 862 1288 mihi
878 1223 1002 1300 Calvus,
1019 1241 1089 1285 cum
1104 1241 1198 1284 unum
1213 1235 1244 1284 et
1257 1218 1384 1302 viginti,

281 1337 316 1386 ut
338 1335 431 1410 puto,
457 1321 556 1386 libros
575 1321 755 1405 reliquerit,
781 1320 834 1384 vix
859 1323 894 1384 in
921 1341 982 1384 una
1007 1332 1039 1382 et
1066 1320 1167 1382 altera
1187 1321 1386 1384 oratiuncula

281 1423 449 1501 satisfacit,
475 1444 532 1488 neo
554 1424 718 1486 dissentire
746 1436 865 1488 ceteros
893 1423 932 1484 ab
961 1423 1020 1486 hoc
1047 1418 1253 1504 meoiudicio
1276 1422 1378 1488 video.

280 1523 400 1608 Quotus
419 1519 504 1585 enim
524 1519 652 1606 quisque
673 1519 762 1586 Calvi
784 1518 818 1584 in
839 1519 975 1592 Asitium
995 1533 1049 1582 aut
1071 1520 1106 1582 in
1125 1521 1261 1584 Drusum
1281 1523 1384 1602 legit?

281 1629 323 1689 At
333 1625 460 1688 hercule
475 1625 509 1686 in
523 1625 658 1687 omnium
672 1624 877 1688 studiosorum
891 1623 1033 1688 manibus
1045 1635 1210 1686 versantur
1219 1629 1385 1686 accusatio·

280 1743 346 1794 nes,
362 1742 428 1805 quae
443 1727 476 1781 iu
486 1721 649 1786 Vatinium
663 1721 890 1797 inscribuntur,
909 1741 947 1784 ac
966 1717 1122 1803 praecipue
1136 1722 1269 1784 secunda
1283 1742 1323 1784 ex
1336 1724 1384 1786 his

281 1825 393 1888 oratio.
410 1827 466 1886 Est
475 1825 560 1887 enim
570 1825 675 1886 verbis
686 1837 798 1887 ornata
811 1837 844 1888 et
856 1822 1028 1894 sententiis,
1040 1824 1168 1886 auribus
1178 1820 1320 1904 judicum
1332 1842 1381 1888 ac·
1461 1866 1466 1878 ·

278 1929 490 2002 commodata,
515 1939 549 1987 ut
569 1927 648 1991 scias
665 1927 765 2008 ipsum
786 1945 906 2008 quoque
926 1925 1056 1989 Calvum
1077 1924 1293 2000 intellexisse,¹
1308 1927 1382 2006 qnid

282 2028 391 2091 melius
404 2017 495 2106 esset,
507 2048 565 2090 nec
576 2028 767 2090 voluntatem
778 2027 819 2104 ei,
832 2047 891 2110 qno
902 2026 1063 2090 sublimius
1077 2039 1109 2088 et
1123 2027 1236 2092 cultius
1248 2027 1381 2102 diceret,

279 2131 334 2192 sed
348 2126 508 2209 ingenium
522 2150 559 2191 ac
570 2130 653 2192 vires
667 2126 808 2194 defuisse.

322 2229 385 2290 Jul.
397 2230 583 2293 Severianus
597 2251 630 2312 p.
643 2229 704 2292 342
714 2231 764 2291 ed.
776 2229 929 2312 (joppem
951 2215 1097 2294 livorem
1114 2229 1205 2293 simul
1223 2248 1382 2295 moremus

277 2347 350 2390 cmn
364 2327 453 2400 odio,
472 2339 507 2387 ut
520 2327 634 2392 Calvus
646 2327 681 2390 in
690 2324 867 2403 Vatinium,
883 2348 953 2392 eum
967 2325 1063 2391 dicit:
1080 2328 1248 2386 Hominem
1266 2343 1381 2388 nostru

279 2430 409 2488 civitatis
417 2425 654 2486 audacissimum
664 2427 858 2507 deflictione,
868 2427 1000 2500 divitem,
1014 2427 1180 2498 sordidum,
1193 2424 1382 2489 maledicum

276 2527 439 2588 accmabo.

217 2727 224 2738 x
314 2666 454 2730 accusabo]
465 2663 578 2715 correxit
586 2663 766 2716 Ruhnkenius
777 2662 809 2714 ad
819 2662 951 2715 Rutilium
962 2681 988 2733 p.
1001 2663 1049 2714 tet
1060 2660 1197 2734 vulgatum
1204 2641 1337 2716 nocuum.

322 2803 434 2884 Aquila
448 2805 605 2866 Romanus
620 2822 648 2863 c.
663 2801 716 2878 40,
734 2821 765 2884 p.
782 2799 863 2862 183:
879 2801 1012 2880 Egregie
1026 2812 1075 2876 et,
1096 2812 1131 2861 ut
1148 2797 1225 2862 mihi
1239 2798 1377 2876 videtur,

277 2895 412 2960 feliciter
434 2900 572 2961 Licinius
593 2897 707 2960 Calvus
731 2899 765 2959 iu
783 2894 965 2960 Vatinium:
986 2897 1054 2958 Non
1078 2910 1153 2976 ergo
1174 2903 1380 2976 pecuniarum

279 2999 380 3074 magis
401 2998 745 3090 repetundorumffuam
766 2991 951 3078 moJcstotis,
971 3016 1067 3080 neque
1086 2995 1257 3084 majestatis
1279 3001 1382 3078 magis
1411 2981 1414 2988 ¹

277 3115 369 3178 quum
385 3093 518 3156 Plautioe
543 3093 639 3174 legis,
668 3114 763 3180 neque
786 3095 920 3158 Plautiae
940 3095 1019 3174 legis
1039 3100 1143 3176 magis
1162 3118 1255 3180 quam
1276 3095 1381 3156 ambi-

276 3207 337 3262 tus,
358 3211 453 3276 neque
471 3189 605 3252 ambitus
625 3195 728 3274 magis
746 3214 838 3278 quam
855 3196 993 3252 omnium
1014 3191 1117 3274 legum
1136 3196 1242 3253 omma
1256 3187 1380 3276 ⁷iudicia

276 3293 442 3369 perierunt.

319 3389 406 3450 ldem
418 3387 626 3466 fragmentum
647 3391 681 3451 in
701 3385 894 3471 Quintiliano
910 3385 967 3462 IX,
991 3387 1021 3462 3,
1043 3387 1094 3462 56,
1117 3399 1148 3448 et
1168 3387 1376 3463 Diomeden,

274 3488 572 3573 p.4ldlegimus;in
581 3491 754 3575 posteriore
765 3503 868 3552 autem
876 3489 944 3552 loeo
952 3486 1189 3559 vitioseGollut,
1198 3487 1380 3551 truncatus

276 3588 468 3651 nominatur.

304 3741 476 3807 ,bernitiorum
486 3740 742 3812 magulmagispec.
752 3735 868 3806 Quintil.

311 3853 408 3916 ommb]
421 3848 496 3902 abest
507 3868 524 3902 e
535 3846 651 3918 Quintil.

308 3968 452 4036 perierunt]
465 3982 513 4035 per
521 3961 667 4014 Vatinium.

177 4127 251 4200 203
320 4130 454 4215 Quintil.
467 4129 520 4204 lx,
535 4129 565 4204 2,
579 4127 618 4190 25
632 4147 640 4186 t
654 4123 767 4188 Calvus
777 4119 903 4188 Vatinio
914 4146 921 4186 ι
931 4124 1080 4206 Perfrica
1082 4129 1223 4210 frontem
1226 4173 1237 4203 ,
1251 4141 1280 4187 et
1292 4127 1343 4187 dic
1355 4140 1383 4186 te

275 4230 459 4306 digniorem,
472 4234 526 4313 qui
536 4225 764 4315 proetorfieres,
774 4247 866 4311 quam
879 4223 1033 4289 Catonem.
