2904 4840
261 494 430 558 decantent
438 494 583 562 tonilum
589 473 655 576 jani
661 493 743 558 ineo
752 511 910 576 agnoscas,
922 493 1002 576 quod
1011 503 1157 576 perpetuo
1167 497 1352 574 cognomine
1447 537 1449 552 .

260 603 360 654 caret.
372 593 472 678 Quem
480 613 595 657 morem
604 591 659 653 sub
668 590 842 655 Cesaribus
851 589 886 655 in
895 591 1004 672 primis
1018 587 1187 655 obtinuisse
1196 589 1349 672 videmus,

260 689 316 762 ita,
330 702 440 752 utnon
453 702 557 770 patres
570 689 659 752 modo
673 707 693 749 a
705 686 788 766 filiis,
803 691 857 752 sed
871 688 964 750 etium
977 687 1089 751 iratres
1102 709 1121 750 a
1134 689 1283 753 iratribus
1297 711 1351 775 pe·

261 785 372 848 culiari
385 785 566 862 cognomine
581 785 853 864 distinguerentur.
880 786 927 846 De
941 797 1042 868 patre,
1063 787 1115 868 qni
1129 787 1167 846 ad
1180 801 1351 868 praeturam

260 907 355 968 usque
364 883 530 947 honoribus
541 887 702 967 processit,
714 887 850 949 Historia
865 887 1040 969 conscripta
1049 907 1112 950 non
1119 885 1260 966 ignobili,
1273 891 1350 954 vide

260 987 346 1047 voss.
362 981 409 1042 De
420 977 493 1044 bist.
508 985 576 1046 Lat.
588 987 614 1056 1,
630 1006 663 1069 p.
674 984 728 1060 46,
744 996 777 1046 et
790 986 828 1046 de
841 996 953 1056 morte,
970 1004 1060 1067 quam
1074 988 1316 1066 repetundarum
1332 1009 1352 1052 a

258 1081 408 1142 Cicerone
422 1095 554 1165 praetore
569 1085 728 1148 damnatus
742 1082 842 1150 obisse
855 1084 965 1161 fertur,
990 1080 1214 1168 discrepantem
1229 1089 1352 1151 Plutar-

257 1180 348 1241 chum
356 1175 389 1241 in
399 1180 466 1245 Cic.
480 1205 508 1247 c.
518 1189 536 1250 9
546 1199 578 1249 et
585 1188 651 1250 Val.
664 1185 812 1261 Marulli,
824 1185 913 1260 12,t‚
927 1199 1103 1272 τραγικώτερον
1115 1201 1354 1250 narrantem.—

256 1282 304 1343 De
316 1279 412 1345 Calvo
431 1298 555 1348 oratore
574 1281 674 1367 pauca
692 1286 798 1348 dixere
812 1285 950 1348 Crinitus
969 1298 1001 1348 ct
1019 1288 1174 1368 Gyraldus
1194 1289 1232 1351 de
1251 1292 1353 1372 poetis

255 1381 359 1442 latinis
377 1383 558 1460 scribentes,
577 1384 674 1448 uerbo
694 1403 764 1446 eum
784 1383 885 1462 tetigit
894 1385 982 1447 Voss.
999 1383 1046 1444 De
1060 1400 1144 1467 poet.
1159 1390 1229 1450 Lat.
1246 1410 1277 1472 p.
1295 1390 1350 1465 19,

256 1488 288 1540 ct
301 1477 450 1559 peculiari
459 1480 576 1563 scripto
590 1479 754 1559 Burignius
769 1478 934 1565 (heresque
946 1480 985 1540 de
995 1479 1145 1568 Burr'gny)
1161 1483 1194 1543 in
1211 1482 1353 1549 Historia

255 1579 352 1641 Acad.
365 1597 431 1658 reg.
448 1581 561 1645 Franc.
574 1578 732 1663 inscriptt.
744 1593 775 1644 et
785 1577 835 1641 lit.
845 1579 943 1659 elegg.
955 1579 1018 1642 vol.
1029 1577 1146 1654 XXXl,
1162 1599 1194 1662 p.
1208 1579 1268 1644 122
1278 1605 1352 1668 sqq.

255 1680 317 1743 Sed
336 1679 401 1743 haec
421 1681 595 1758 materiem,
618 1683 756 1764 quamvis
775 1700 838 1742 non
859 1679 1013 1741 uberrime
1033 1677 1131 1740 fluant
1150 1680 1260 1759 fontes,
1284 1705 1352 1748 non

254 1773 453 1839 exhauriunt.
464 1777 576 1842 Calvus
585 1791 690 1841 noster
699 1780 828 1840 honesta
837 1775 1000 1859 disciplina
1009 1777 1153 1840 educatus
1162 1777 1286 1840 etomni
1295 1780 1353 1845 bo·

255 1896 365 1939 narum
376 1877 488 1939 artium
502 1899 616 1958 genere
630 1876 766 1942 imbutus
778 1879 918 1954 videtur,
930 1896 1000 1938 narn
1009 1877 1119 1940 multas
1131 1890 1163 1940 et
1171 1877 1351 1946 reconditas

257 1974 290 2038 in
302 1995 338 2038 eo
351 1976 457 2038 literas
470 1977 610 2056 agnoscit
623 1977 733 2042 Cicero
744 1980 831 2039 Brut.
846 1996 875 2038 c.
890 1975 943 2050 82,
959 1974 1072 2057 alioqui
1086 1997 1149 2038 non
1163 1977 1351 2064 aequispimus

263 2074 351 2138 Calvi
360 2072 464 2156 judex.
482 2077 587 2158 Neque
597 2077 734 2138 moribus
745 2076 784 2138 ab
795 2095 843 2150 eo,
853 2075 1080 2160 quodinstituit‚
1089 2065 1279 2155 vitaegeneie
1293 2078 1354 2142 dis·

260 2174 458 2256 crepantibus
468 2173 537 2236 luit.
554 2175 647 2255 Frugi
655 2175 809 2236 bominem
818 2175 920 2246 fuisse,
934 2186 998 2234 tum
1010 2175 1091 2254 quod
1100 2195 1191 2238 nemo
1199 2176 1272 2239 vitre
1281 2197 1352 2240 san·

256 2273 393 2337 ctitatem
407 2277 441 2336 in
456 2276 581 2337 dubium
595 2295 709 2339 vocare
725 2296 814 2338 ausus
828 2287 885 2351 est,
895 2277 1034 2357 quamvis
1043 2274 1203 2339 liberrime
1212 2279 1352 2341 sentiens

256 2372 535 2455 potentissimorum
546 2379 639 2439 etiam
649 2376 728 2439 iram
739 2379 925 2452 incurreret,
936 2388 1001 2437 tum
1008 2372 1135 2440 Valerio
1142 2377 1274 2440 Maximo
1283 2379 1305 2439 l.
1318 2401 1348 2443 c.

255 2485 286 2532 et
306 2469 408 2536 Plinio
428 2475 469 2535 Η.
487 2476 526 2537 Ν.
545 2473 691 2550 XXXlll,
707 2474 757 2548 ll,
778 2475 963 2538 testantibus
982 2475 1175 2555 intelligitur.
1198 2475 1352 2557 Questum

255 2569 339 2632 enim
352 2569 470 2632 Plinius
484 2569 540 2644 ait,
556 2574 636 2653 quod
650 2592 705 2634 sua
716 2584 806 2634 aetate
819 2592 894 2634 vasa
909 2573 1090 2653 coquinaria
1103 2593 1140 2634 ex
1154 2584 1282 2651 argento
1296 2571 1353 2636 fie-

257 2678 338 2729 rent.
354 2668 432 2729 Nam
444 2670 524 2749 quod
539 2667 717 2731 lasciviores
732 2670 824 2751 paulo
836 2688 942 2732 versus
956 2669 1038 2742 lecit,
1051 2670 1110 2732 hoc
1124 2689 1195 2730 cum
1209 2667 1351 2748 gravissi·

234 2829 235 2834 .
257 2761 315 2826 mis
325 2765 410 2842 viris,
421 2767 461 2849 Q.
473 2766 619 2844 scevola,
632 2770 673 2852 Q.
685 2768 805 2843 Catulo,
816 2770 885 2833 Ser.
895 2763 1043 2849 Sulpicio,
1056 2768 1219 2838 Cicerone,
1231 2766 1346 2840 Plinio,

256 2861 326 2924 aliis
339 2865 499 2928 commune
514 2869 624 2942 habct3
641 2889 740 2951 neque
755 2865 913 2951 Quintiliae
933 2885 1052 2928 amores
1071 2864 1273 2947 culpabimus,
1296 2864 1350 2952 qui

257 2964 398 3039 sciamus,
414 2985 454 3027 ne
473 2986 491 3027 a
507 2966 694 3030 meretriciis
710 2969 832 3049 quidem
847 2963 1005 3026 amoribus
1017 2976 1092 3047 tnnc
1107 2963 1351 3028 adolescentibus

256 3062 455 3126 interdictum
478 3065 580 3128 luisse.
605 3065 683 3130 Cum
705 3066 826 3127 Catullo
847 3064 880 3124 in
902 3059 1011 3143 primis
1033 3063 1218 3146 conjunctus
1237 3064 1351 3128 Calvus

256 3159 347 3235 vixit,
360 3173 395 3223 ut
406 3161 667 3245 Epigrammatum
680 3161 761 3225 illius
773 3162 812 3223 LI
830 3171 861 3222 et
869 3159 951 3222 XCV
960 3172 1123 3248 testantur.
1141 3157 1349 3224 Liberrimum

255 3255 327 3318 vitae
340 3277 436 3338 genus
449 3262 614 3344 amplexus,
630 3262 712 3324 ultra
726 3269 919 3338 questurum,
937 3277 1028 3338 qnam
1041 3255 1167 3337 Pighius
1182 3259 1216 3320 in
1234 3279 1348 3321 annum

258 3353 318 3418 oet
328 3353 428 3439 ponit,
439 3377 501 3419 non
515 3376 692 3439 progressus
705 3366 764 3430 est,
776 3356 829 3417 sed
844 3374 913 3416 cum
928 3354 1067 3417 omnibus
1076 3354 1270 3416 familiariter
1282 3375 1349 3418 ver-

257 3465 350 3532 satus,
375 3458 427 3538 qui
452 3476 488 3519 eo
513 3469 652 3538 tempore
676 3453 777 3533 gratia
801 3465 833 3515 et
855 3451 1005 3532 dignitate
1028 3453 1225 3534 praestabant,
1252 3456 1350 3517 causis

257 3551 405 3630 dicendis,
422 3555 568 3636 malisque
579 3551 697 3636 judicio
711 3553 900 3616 insectandis
913 3552 1019 3635 populi
1038 3552 1176 3617 savorem
1197 3567 1348 3618 assecutus

257 3653 342 3714 credi
354 3668 465 3736 potest.
488 3655 554 3716 Nec
568 3649 772 3734 potentissimi
787 3651 933 3735 cujusque
947 3666 1043 3726 metu,
1058 3663 1093 3713 ut
1107 3653 1287 3716 salsissimas
1300 3675 1347 3718 re-

256 3748 472 3831 prehensiones
485 3762 612 3824 taceret,
624 3749 810 3812 commoveri
819 3749 929 3832 potnit,
941 3768 1005 3812 non
1016 3748 1116 3810 minus
1126 3750 1225 3812 libere
1237 3753 1345 3828 audax,

255 3846 333 3911 licet
346 3848 406 3910 alio
419 3849 519 3920 modo,
536 3867 626 3928 quam
641 3850 683 3909 M.
696 3846 789 3926 Cato;
804 3860 839 3910 ut
853 3860 884 3910 et
893 3846 952 3910 Cn.
966 3845 1144 3929 Pompeium
1158 3860 1189 3911 et
1199 3847 1235 3912 C.
1250 3848 1348 3916 caesa-

257 3967 323 4010 rem
336 3945 572 4011 mordacissimis
582 3947 721 4012 versibus
732 3947 957 4032 proscinderet,
971 3960 1002 4010 et
1014 3950 1116 4032 palam
1129 3946 1346 4026 insectaretur,

258 4065 332 4126 quos
342 4043 403 4107 illis
416 4057 559 4129 acceptos
570 4047 673 4110 sciret.
691 4045 803 4110 cesari
812 4059 916 4114 tamen
925 4046 958 4109 in
969 4041 1121 4110 dictatura
1130 4045 1349 4112 reconciliatus

257 4156 316 4220 est,
331 4139 396 4226 ipso
411 4139 562 4207 dicttaore
575 4143 675 4229 primo
689 4143 853 4216 invitante,
871 4155 904 4205 nt
916 4142 1078 4208 Suetonius
1097 4138 1207 4206 scribit
1225 4143 1259 4206 in
1273 4147 1344 4212 Vita
