<?xml version="1.0" encoding="UTF-8"?>
<!DOCTYPE html PUBLIC "-//W3C//DTD XHTML 1.0 Transitional//EN"
    "http://www.w3.org/TR/xhtml1/DTD/xhtml1-transitional.dtd">
<html xmlns="http://www.w3.org/1999/xhtml" xml:lang="en" lang="en">
 <head>
  <title>
</title>
<meta http-equiv="Content-Type" content="text/html;charset=utf-8" />
  <meta name='ocr-system' content='tesseract 3.04.00' />
  <meta name='ocr-capabilities' content='ocr_page ocr_carea ocr_par ocr_line ocrx_word'/>
</head>
<body>
  <div class='ocr_page' id='page_1' title='image "./oratorumromanor00meyegoog_0392.png"; bbox 0 0 2954 4840; ppageno 0'>
   <div class='ocr_carea' id='block_1_1' title="bbox 731 353 799 428">
    <p class='ocr_par' dir='ltr' id='par_1_1' title="bbox 731 353 799 428">
     <span class='ocr_line' id='line_1_1' title="bbox 731 353 799 428; baseline 0.059 -4"><span class='ocrx_word' id='word_1_1' title='bbox 731 353 799 428; x_wconf 72' lang='grc'><strong>366</strong></span> 
     </span>
    </p>
   </div>
   <div class='ocr_carea' id='block_1_2' title="bbox 281 490 1438 564">
    <p class='ocr_par' dir='ltr' id='par_1_2' title="bbox 281 490 1438 564">
     <span class='ocr_line' id='line_1_2' title="bbox 281 490 1438 564; baseline 0.006 -23"><span class='ocrx_word' id='word_1_2' title='bbox 281 490 368 560; x_wconf 76' lang='lat' dir='ltr'><strong>potens</strong></span> <span class='ocrx_word' id='word_1_3' title='bbox 382 491 513 564; x_wconf 73' lang='lat' dir='ltr'><strong>legionum</strong></span> <span class='ocrx_word' id='word_1_4' title='bbox 526 511 606 564; x_wconf 79' lang='lat' dir='ltr'><strong>quan</strong></span> <span class='ocrx_word' id='word_1_5' title='bbox 619 495 761 546; x_wconf 65' lang='lat' dir='ltr'><strong>aotam</strong></span> <span class='ocrx_word' id='word_1_6' title='bbox 773 497 907 563; x_wconf 68' lang='lat' dir='ltr'><strong>increpans</strong></span> <span class='ocrx_word' id='word_1_7' title='bbox 918 492 995 544; x_wconf 69' lang='lat' dir='ltr'><strong>natta</strong></span> <span class='ocrx_word' id='word_1_8' title='bbox 1003 491 1107 547; x_wconf 77' lang='lat' dir='ltr'><strong>Vitellii</strong></span> <span class='ocrx_word' id='word_1_9' title='bbox 1115 494 1253 554; x_wconf 70' lang='lat' dir='ltr'><strong>animone,</strong></span> <span class='ocrx_word' id='word_1_10' title='bbox 1267 495 1317 545; x_wconf 74' lang='lat' dir='ltr'><strong>sive</strong></span> <span class='ocrx_word' id='word_1_11' title='bbox 1389 548 1393 564; x_wconf 42' lang='lat'><strong>¹</strong></span> <span class='ocrx_word' id='word_1_12' title='bbox 1434 499 1438 506; x_wconf 92' lang='lat'>&#39;</span> 
     </span>
    </p>
   </div>
   <div class='ocr_carea' id='block_1_3' title="bbox 283 578 1316 652">
    <p class='ocr_par' dir='ltr' id='par_1_3' title="bbox 283 578 1316 652">
     <span class='ocr_line' id='line_1_3' title="bbox 283 578 1316 652; baseline -0.002 -22"><span class='ocrx_word' id='word_1_13' title='bbox 283 584 364 648; x_wconf 75' lang='lat' dir='ltr'><strong>ipsius</strong></span> <span class='ocrx_word' id='word_1_14' title='bbox 379 599 411 632; x_wconf 85' lang='lat' dir='ltr'><strong>ea</strong></span> <span class='ocrx_word' id='word_1_15' title='bbox 430 581 589 643; x_wconf 80' lang='lat' dir='ltr'><strong>moderatio,</strong></span> <span class='ocrx_word' id='word_1_16' title='bbox 609 600 655 634; x_wconf 78' lang='lat' dir='ltr'><strong>scu</strong></span> <span class='ocrx_word' id='word_1_17' title='bbox 672 585 781 652; x_wconf 78' lang='lat' dir='ltr'><strong>scriptor</strong></span> <span class='ocrx_word' id='word_1_18' title='bbox 791 584 916 634; x_wconf 70' lang='lat' dir='ltr'><strong>orationis</strong></span> <span class='ocrx_word' id='word_1_19' title='bbox 927 582 978 632; x_wconf 73' lang='lat' dir='ltr'><strong>sict</strong></span> <span class='ocrx_word' id='word_1_20' title='bbox 990 590 1105 632; x_wconf 73' lang='lat' dir='ltr'><strong>nutum</strong></span> <span class='ocrx_word' id='word_1_21' title='bbox 1116 578 1276 632; x_wconf 68' lang='lat' dir='ltr'><strong>0⁰an</strong></span> <span class='ocrx_word' id='word_1_22' title='bbox 1289 598 1316 630; x_wconf 83' lang='grc' dir='ltr'><strong>ιη</strong></span> 
     </span>
    </p>
   </div>
   <div class='ocr_carea' id='block_1_4' title="bbox 282 661 1407 737">
    <p class='ocr_par' dir='ltr' id='par_1_4' title="bbox 282 661 1407 737">
     <span class='ocr_line' id='line_1_4' title="bbox 282 661 1407 737; baseline 0.001 -22"><span class='ocrx_word' id='word_1_23' title='bbox 282 662 420 716; x_wconf 78' lang='lat' dir='ltr'><strong>Vitellium</strong></span> <span class='ocrx_word' id='word_1_24' title='bbox 431 667 566 727; x_wconf 80' lang='lat' dir='ltr'><strong>abstinuit,</strong></span> <span class='ocrx_word' id='word_1_25' title='bbox 579 667 688 737; x_wconf 79' lang='lat' dir='ltr'><strong>quando</strong></span> <span class='ocrx_word' id='word_1_26' title='bbox 702 677 731 716; x_wconf 84' lang='lat' dir='ltr'><strong>ut</strong></span> <span class='ocrx_word' id='word_1_27' title='bbox 741 668 768 716; x_wconf 83' lang='lat' dir='ltr'><strong>t&#39;n</strong></span> <span class='ocrx_word' id='word_1_28' title='bbox 779 663 892 716; x_wconf 68' lang='lat' dir='ltr'><strong>mantis</strong></span> <span class='ocrx_word' id='word_1_29' title='bbox 904 664 1003 716; x_wconf 74' lang='lat' dir='ltr'><strong>militia</strong></span> <span class='ocrx_word' id='word_1_30' title='bbox 1014 662 1138 717; x_wconf 78' lang='lat' dir='ltr'><strong>Suetonio</strong></span> <span class='ocrx_word' id='word_1_31' title='bbox 1150 661 1279 716; x_wconf 72' lang='lat' dir='ltr'><strong>Paullum</strong></span> <span class='ocrx_word' id='word_1_32' title='bbox 1293 675 1317 714; x_wconf 82' lang='lat' dir='ltr'><strong>ct</strong></span> <span class='ocrx_word' id='word_1_33' title='bbox 1404 709 1407 716; x_wconf 86' lang='lat'><strong>.</strong></span> 
     </span>
    </p>
   </div>
   <div class='ocr_carea' id='block_1_5' title="bbox 280 749 1319 911">
    <p class='ocr_par' dir='ltr' id='par_1_5' title="bbox 280 749 1319 911">
     <span class='ocr_line' id='line_1_5' title="bbox 280 749 1319 822; baseline -0.002 -22"><span class='ocrx_word' id='word_1_34' title='bbox 280 749 372 802; x_wconf 77' lang='lat' dir='ltr'><strong>Mario</strong></span> <span class='ocrx_word' id='word_1_35' title='bbox 383 749 468 816; x_wconf 74' lang='lat' dir='ltr'><strong>Celso,</strong></span> <span class='ocrx_word' id='word_1_36' title='bbox 478 754 516 802; x_wconf 79' lang='lat' dir='ltr'><strong>ita</strong></span> <span class='ocrx_word' id='word_1_37' title='bbox 527 756 556 804; x_wconf 81' lang='lat' dir='ltr'><strong>in</strong></span> <span class='ocrx_word' id='word_1_38' title='bbox 568 753 643 806; x_wconf 71' lang='lat' dir='ltr'><strong>rebus</strong></span> <span class='ocrx_word' id='word_1_39' title='bbox 654 753 762 804; x_wconf 72' lang='lat' dir='ltr'><strong>urbanis</strong></span> <span class='ocrx_word' id='word_1_40' title='bbox 772 749 875 804; x_wconf 73' lang='lat' dir='ltr'><strong>Galerii</strong></span> <span class='ocrx_word' id='word_1_41' title='bbox 885 749 1013 802; x_wconf 71' lang='lat' dir='ltr'><strong>Trachali</strong></span> <span class='ocrx_word' id='word_1_42' title='bbox 1023 753 1126 822; x_wconf 72' lang='lat' dir='ltr'><strong>ingenio</strong></span> <span class='ocrx_word' id='word_1_43' title='bbox 1136 749 1270 804; x_wconf 74' lang='lat' dir='ltr'><strong>Othonem</strong></span> <span class='ocrx_word' id='word_1_44' title='bbox 1282 752 1319 799; x_wconf 83' lang='lat' dir='ltr'><strong>uti</strong></span> 
     </span>
     <span class='ocr_line' id='line_1_6' title="bbox 280 835 1319 911; baseline -0.001 -25"><span class='ocrx_word' id='word_1_45' title='bbox 280 838 441 890; x_wconf 74' lang='lat' dir='ltr'><strong>credebatur.</strong></span> <span class='ocrx_word' id='word_1_46' title='bbox 456 839 493 892; x_wconf 74' lang='lat' dir='ltr'><strong>nt</strong></span> <span class='ocrx_word' id='word_1_47' title='bbox 503 851 591 903; x_wconf 80' lang='lat' dir='ltr'><strong>eram,</strong></span> <span class='ocrx_word' id='word_1_48' title='bbox 604 841 651 911; x_wconf 80' lang='lat' dir='ltr'><strong>qui</strong></span> <span class='ocrx_word' id='word_1_49' title='bbox 663 856 744 910; x_wconf 72' lang='lat' dir='ltr'><strong>genna</strong></span> <span class='ocrx_word' id='word_1_50' title='bbox 757 842 843 910; x_wconf 75' lang='lat' dir='ltr'><strong>ipmtn</strong></span> <span class='ocrx_word' id='word_1_51' title='bbox 855 840 950 890; x_wconf 72' lang='lat' dir='ltr'><strong>orandi</strong></span> <span class='ocrx_word' id='word_1_52' title='bbox 960 848 1091 892; x_wconf 73' lang='lat' dir='ltr'><strong>noscerent</strong></span> <span class='ocrx_word' id='word_1_53' title='bbox 1104 839 1193 890; x_wconf 81' lang='lat' dir='ltr'><strong>erebro</strong></span> <span class='ocrx_word' id='word_1_54' title='bbox 1208 835 1319 904; x_wconf 75' lang='lat' dir='ltr'><strong>umseri</strong></span> 
     </span>
    </p>
   </div>
   <div class='ocr_carea' id='block_1_6' title="bbox 283 922 1320 1165">
    <p class='ocr_par' dir='ltr' id='par_1_6' title="bbox 283 922 1320 1165">
     <span class='ocr_line' id='line_1_7' title="bbox 284 922 1318 998; baseline -0.002 -22"><span class='ocrx_word' id='word_1_55' title='bbox 284 924 607 998; x_wconf 76' lang='lat' dir='ltr'><strong>celebreetadimpiendm</strong></span> <span class='ocrx_word' id='word_1_56' title='bbox 620 945 696 980; x_wconf 75' lang='lat' dir='ltr'><strong>auree</strong></span> <span class='ocrx_word' id='word_1_57' title='bbox 710 927 792 982; x_wconf 82' lang='lat' dir='ltr'><strong>lutum</strong></span> <span class='ocrx_word' id='word_1_58' title='bbox 800 938 826 982; x_wconf 80' lang='lat' dir='ltr'><strong>et</strong></span> <span class='ocrx_word' id='word_1_59' title='bbox 833 942 975 980; x_wconf 63' lang='lat' dir='ltr'><strong>aonam·</strong></span> <span class='ocrx_word' id='word_1_60' title='bbox 984 923 1095 978; x_wconf 76' lang='lat' dir='ltr'><strong>Exstitit</strong></span> <span class='ocrx_word' id='word_1_61' title='bbox 1106 941 1193 995; x_wconf 80' lang='lat' dir='ltr'><strong>nuper</strong></span> <span class='ocrx_word' id='word_1_62' title='bbox 1200 922 1318 994; x_wconf 81' lang='lat' dir='ltr'><strong>quidam,</strong></span> 
     </span>
     <span class='ocr_line' id='line_1_8' title="bbox 284 1007 1316 1080; baseline 0 -22"><span class='ocrx_word' id='word_1_63' title='bbox 284 1007 330 1075; x_wconf 88' lang='lat' dir='ltr'><strong>qui</strong></span> <span class='ocrx_word' id='word_1_64' title='bbox 347 1008 464 1080; x_wconf 76' lang='lat' dir='ltr'><strong>mliquas</strong></span> <span class='ocrx_word' id='word_1_65' title='bbox 479 1025 587 1080; x_wconf 86' lang='lat' dir='ltr'><strong>quoque</strong></span> <span class='ocrx_word' id='word_1_66' title='bbox 600 1010 734 1064; x_wconf 63' lang='lat' dir='ltr'><strong>nationes</strong></span> <span class='ocrx_word' id='word_1_67' title='bbox 744 1010 871 1074; x_wconf 77' lang='lat' dir='ltr'><strong>Othonis,</strong></span> <span class='ocrx_word' id='word_1_68' title='bbox 884 1027 943 1080; x_wconf 77' lang='lat' dir='ltr'><strong>quae</strong></span> <span class='ocrx_word' id='word_1_69' title='bbox 954 1009 984 1062; x_wconf 91' lang='lat' dir='ltr'><strong>in</strong></span> <span class='ocrx_word' id='word_1_70' title='bbox 996 1007 1124 1062; x_wconf 81' lang='lat' dir='ltr'><strong>Historiis</strong></span> <span class='ocrx_word' id='word_1_71' title='bbox 1133 1007 1219 1061; x_wconf 77' lang='lat' dir='ltr'><strong>Taciti</strong></span> <span class='ocrx_word' id='word_1_72' title='bbox 1233 1007 1273 1075; x_wconf 84' lang='lat'><strong>(1,</strong></span> <span class='ocrx_word' id='word_1_73' title='bbox 1286 1008 1316 1060; x_wconf 81' lang='lat' dir='ltr'><strong>at</strong></span> 
     </span>
     <span class='ocr_line' id='line_1_9' title="bbox 283 1091 1320 1165; baseline 0 -21"><span class='ocrx_word' id='word_1_74' title='bbox 283 1094 364 1162; x_wconf 76' lang='lat' dir='ltr'><strong>etta)</strong></span> <span class='ocrx_word' id='word_1_75' title='bbox 373 1092 509 1165; x_wconf 66' lang='lat' dir='ltr'><strong>leguntur,</strong></span> <span class='ocrx_word' id='word_1_76' title='bbox 523 1113 577 1148; x_wconf 91' lang='lat' dir='ltr'><strong>non</strong></span> <span class='ocrx_word' id='word_1_77' title='bbox 590 1095 715 1159; x_wconf 76' lang='lat' dir='ltr'><strong>aTacim,</strong></span> <span class='ocrx_word' id='word_1_78' title='bbox 728 1095 775 1150; x_wconf 83' lang='lat' dir='ltr'><strong>sed</strong></span> <span class='ocrx_word' id='word_1_79' title='bbox 788 1093 941 1153; x_wconf 74' lang='lat' dir='ltr'><strong>aTracltelo</strong></span> <span class='ocrx_word' id='word_1_80' title='bbox 949 1094 982 1148; x_wconf 76' lang='lat' dir='ltr'><strong>nd</strong></span> <span class='ocrx_word' id='word_1_81' title='bbox 993 1092 1105 1148; x_wconf 77' lang='lat' dir='ltr'><strong>verbum</strong></span> <span class='ocrx_word' id='word_1_82' title='bbox 1115 1091 1253 1146; x_wconf 76' lang='lat' dir='ltr'><strong>confectae</strong></span> <span class='ocrx_word' id='word_1_83' title='bbox 1262 1109 1320 1145; x_wconf 78' lang='lat' dir='ltr'><strong>asse</strong></span> 
     </span>
    </p>
   </div>
   <div class='ocr_carea' id='block_1_7' title="bbox 283 1179 1321 1590">
    <p class='ocr_par' dir='ltr' id='par_1_7' title="bbox 283 1179 1321 1590">
     <span class='ocr_line' id='line_1_10' title="bbox 283 1179 1321 1250; baseline 0 -18"><span class='ocrx_word' id='word_1_84' title='bbox 283 1179 359 1234; x_wconf 78' lang='lat' dir='ltr'><strong>(lixit.</strong></span> <span class='ocrx_word' id='word_1_85' title='bbox 371 1181 451 1250; x_wconf 75' lang='lat' dir='ltr'><strong>(Vide</strong></span> <span class='ocrx_word' id='word_1_86' title='bbox 461 1182 587 1238; x_wconf 64' lang='lat' dir='ltr'><strong>Metui</strong></span> <span class='ocrx_word' id='word_1_87' title='bbox 597 1184 755 1238; x_wconf 75' lang='lat' dir='ltr'><strong>Reolteroies</strong></span> <span class='ocrx_word' id='word_1_88' title='bbox 763 1183 940 1238; x_wconf 72' lang='lat' dir='ltr'><strong>canalert&#39;m</strong></span> <span class='ocrx_word' id='word_1_89' title='bbox 947 1181 1105 1244; x_wconf 73' lang='lat' dir='ltr'><strong>Trachalus,</strong></span> <span class='ocrx_word' id='word_1_90' title='bbox 1115 1193 1222 1236; x_wconf 60' lang='lat' dir='ltr'><strong>oratur</strong></span> <span class='ocrx_word' id='word_1_91' title='bbox 1230 1193 1255 1234; x_wconf 83' lang='lat' dir='ltr'><strong>et</strong></span> <span class='ocrx_word' id='word_1_92' title='bbox 1263 1200 1321 1234; x_wconf 82' lang='lat' dir='ltr'><strong>ocn-</strong></span> 
     </span>
     <span class='ocr_line' id='line_1_11' title="bbox 283 1264 1319 1338; baseline -0.002 -21"><span class='ocrx_word' id='word_1_93' title='bbox 283 1265 326 1318; x_wconf 77' lang='lat' dir='ltr'><strong>sttl</strong></span> <span class='ocrx_word' id='word_1_94' title='bbox 335 1265 532 1333; x_wconf 73' lang='lat' dir='ltr'><strong>Romule,nd</strong></span> <span class='ocrx_word' id='word_1_95' title='bbox 541 1266 723 1322; x_wconf 71' lang='lat' dir='ltr'><strong>tethntotm</strong></span> <span class='ocrx_word' id='word_1_96' title='bbox 732 1271 765 1322; x_wconf 81' lang='lat' dir='ltr'><strong>de</strong></span> <span class='ocrx_word' id='word_1_97' title='bbox 773 1267 992 1338; x_wconf 77' lang='lat' dir='ltr'><strong>l&#39;Imtt&#39;tntllcyal</strong></span> <span class='ocrx_word' id='word_1_98' title='bbox 999 1264 1151 1330; x_wconf 77' lang='lat' dir='ltr'><strong>deFrunce,</strong></span> <span class='ocrx_word' id='word_1_99' title='bbox 1158 1265 1233 1318; x_wconf 76' lang='lat' dir='ltr'><strong>Parit</strong></span> <span class='ocrx_word' id='word_1_100' title='bbox 1243 1265 1319 1324; x_wconf 79' lang='lat' dir='ltr'><strong>tttt,</strong></span> 
     </span>
     <span class='ocr_line' id='line_1_12' title="bbox 286 1350 1320 1424; baseline -0.004 -22"><span class='ocrx_word' id='word_1_101' title='bbox 286 1351 340 1404; x_wconf 81' lang='lat' dir='ltr'><strong>vol.</strong></span> <span class='ocrx_word' id='word_1_102' title='bbox 354 1369 405 1415; x_wconf 75' lang='lat' dir='ltr'><strong>vsi,</strong></span> <span class='ocrx_word' id='word_1_103' title='bbox 423 1371 450 1424; x_wconf 86' lang='lat' dir='ltr'><strong>p.</strong></span> <span class='ocrx_word' id='word_1_104' title='bbox 466 1353 514 1405; x_wconf 78' lang='lat' dir='ltr'><strong>tta</strong></span> <span class='ocrx_word' id='word_1_105' title='bbox 528 1353 599 1423; x_wconf 80' lang='lat' dir='ltr'><strong>sqq.)</strong></span> <span class='ocrx_word' id='word_1_106' title='bbox 617 1354 692 1406; x_wconf 81' lang='lat' dir='ltr'><strong>Hunc</strong></span> <span class='ocrx_word' id='word_1_107' title='bbox 704 1353 858 1423; x_wconf 82' lang='lat' dir='ltr'>opinionem</span> <span class='ocrx_word' id='word_1_108' title='bbox 876 1369 935 1406; x_wconf 87' lang='lat' dir='ltr'><strong>meo</strong></span> <span class='ocrx_word' id='word_1_109' title='bbox 947 1350 1051 1423; x_wconf 84' lang='lat' dir='ltr'><strong>judicio</strong></span> <span class='ocrx_word' id='word_1_110' title='bbox 1063 1369 1212 1422; x_wconf 79' lang='lat' dir='ltr'><strong>repugnare</strong></span> <span class='ocrx_word' id='word_1_111' title='bbox 1226 1350 1320 1402; x_wconf 76' lang='lat' dir='ltr'><strong>fateor.</strong></span> 
     </span>
     <span class='ocr_line' id='line_1_13' title="bbox 286 1434 1321 1506; baseline -0.001 -21"><span class='ocrx_word' id='word_1_112' title='bbox 286 1435 393 1488; x_wconf 81' lang='lat' dir='ltr'><strong>Tacitus</strong></span> <span class='ocrx_word' id='word_1_113' title='bbox 404 1437 476 1488; x_wconf 85' lang='lat' dir='ltr'><strong>enim</strong></span> <span class='ocrx_word' id='word_1_114' title='bbox 484 1453 558 1506; x_wconf 74' lang='lat' dir='ltr'><strong>aeque</strong></span> <span class='ocrx_word' id='word_1_115' title='bbox 567 1456 596 1488; x_wconf 84' lang='lat' dir='ltr'><strong>ac</strong></span> <span class='ocrx_word' id='word_1_116' title='bbox 606 1437 687 1488; x_wconf 76' lang='lat' dir='ltr'><strong>ceteri</strong></span> <span class='ocrx_word' id='word_1_117' title='bbox 694 1447 813 1488; x_wconf 69' lang='lat' dir='ltr'><strong>ramnum</strong></span> <span class='ocrx_word' id='word_1_118' title='bbox 824 1436 1011 1488; x_wconf 84' lang='lat' dir='ltr'><strong>historicorum</strong></span> <span class='ocrx_word' id='word_1_119' title='bbox 1020 1435 1154 1488; x_wconf 81' lang='lat' dir='ltr'><strong>orationes</strong></span> <span class='ocrx_word' id='word_1_120' title='bbox 1163 1452 1256 1486; x_wconf 84' lang='lat' dir='ltr'><strong>omnes</strong></span> <span class='ocrx_word' id='word_1_121' title='bbox 1265 1434 1321 1504; x_wconf 79' lang='lat' dir='ltr'><strong>ipse</strong></span> 
     </span>
     <span class='ocr_line' id='line_1_14' title="bbox 286 1516 1017 1590; baseline 0.003 -22"><span class='ocrx_word' id='word_1_122' title='bbox 286 1516 439 1580; x_wconf 80' lang='lat' dir='ltr'><strong>elaboravit,</strong></span> <span class='ocrx_word' id='word_1_123' title='bbox 451 1530 481 1570; x_wconf 91' lang='lat' dir='ltr'><strong>ut</strong></span> <span class='ocrx_word' id='word_1_124' title='bbox 490 1518 582 1571; x_wconf 81' lang='lat' dir='ltr'><strong>multis</strong></span> <span class='ocrx_word' id='word_1_125' title='bbox 591 1518 698 1571; x_wconf 85' lang='lat' dir='ltr'><strong>indiciis</strong></span> <span class='ocrx_word' id='word_1_126' title='bbox 707 1531 795 1589; x_wconf 87' lang='lat' dir='ltr'><strong>aperte</strong></span> <span class='ocrx_word' id='word_1_127' title='bbox 806 1519 910 1572; x_wconf 84' lang='lat' dir='ltr'><strong>ostendi</strong></span> <span class='ocrx_word' id='word_1_128' title='bbox 919 1531 1017 1590; x_wconf 79' lang='lat' dir='ltr'><strong>potest.</strong></span> 
     </span>
    </p>
   </div>
   <div class='ocr_carea' id='block_1_8' title="bbox 454 1707 1076 1802">
    <p class='ocr_par' dir='ltr' id='par_1_8' title="bbox 454 1707 1076 1802">
     <span class='ocr_line' id='line_1_15' title="bbox 454 1707 1076 1802; baseline 0.003 -24"><span class='ocrx_word' id='word_1_129' title='bbox 454 1707 550 1781; x_wconf 85' lang='lat' dir='ltr'><strong>CXI.</strong></span> <span class='ocrx_word' id='word_1_130' title='bbox 580 1711 628 1779; x_wconf 88' lang='grc' dir='ltr'><strong>Μ.</strong></span> <span class='ocrx_word' id='word_1_131' title='bbox 649 1708 786 1784; x_wconf 81' lang='lat' dir='ltr'>Fabius</span> <span class='ocrx_word' id='word_1_132' title='bbox 804 1709 1076 1802; x_wconf 84' lang='lat' dir='ltr'><strong>Quintilianus.</strong></span> 
     </span>
    </p>
   </div>
   <div class='ocr_carea' id='block_1_9' title="bbox 211 1926 1326 2704">
    <p class='ocr_par' dir='ltr' id='par_1_9' title="bbox 211 1926 1326 2704">
     <span class='ocr_line' id='line_1_16' title="bbox 256 1926 1319 2014; baseline -0.003 -22"><span class='ocrx_word' id='word_1_133' title='bbox 256 1929 388 2014; x_wconf 86' lang='lat' dir='ltr'><strong>Quintil.</strong></span> <span class='ocrx_word' id='word_1_134' title='bbox 399 1932 472 2009; x_wconf 87' lang='lat' dir='ltr'><strong>Vll,</strong></span> <span class='ocrx_word' id='word_1_135' title='bbox 486 1934 518 2005; x_wconf 75' lang='lat'><strong>⁶2,</strong></span> <span class='ocrx_word' id='word_1_136' title='bbox 533 1931 571 1994; x_wconf 81' lang='lat' dir='ltr'><strong>tt</strong></span> <span class='ocrx_word' id='word_1_137' title='bbox 585 1951 593 1990; x_wconf 76' lang='lat' dir='ltr'><strong><em>z</em></strong></span> <span class='ocrx_word' id='word_1_138' title='bbox 606 1931 641 1992; x_wconf 91' lang='lat' dir='ltr'><strong>ln</strong></span> <span class='ocrx_word' id='word_1_139' title='bbox 654 1926 693 1992; x_wconf 86' lang='lat' dir='ltr'><strong>iis</strong></span> <span class='ocrx_word' id='word_1_140' title='bbox 702 1949 769 2012; x_wconf 85' lang='lat' dir='ltr'><strong>quse</strong></span> <span class='ocrx_word' id='word_1_141' title='bbox 780 1942 917 1994; x_wconf 87' lang='lat' dir='ltr'><strong>mutuam</strong></span> <span class='ocrx_word' id='word_1_142' title='bbox 931 1931 1162 1996; x_wconf 81' lang='lat' dir='ltr'><strong>accusationem</strong></span> <span class='ocrx_word' id='word_1_143' title='bbox 1172 1931 1319 2003; x_wconf 86' lang='lat' dir='ltr'><strong>habeant,</strong></span> 
     </span>
     <span class='ocr_line' id='line_1_17' title="bbox 215 2031 1321 2115; baseline 0.001 -23"><span class='ocrx_word' id='word_1_144' title='bbox 215 2031 373 2112; x_wconf 88' lang='lat' dir='ltr'><strong>utriusque</strong></span> <span class='ocrx_word' id='word_1_145' title='bbox 387 2035 485 2112; x_wconf 84' lang='lat' dir='ltr'><strong>partis</strong></span> <span class='ocrx_word' id='word_1_146' title='bbox 498 2047 679 2113; x_wconf 83' lang='lat' dir='ltr'><strong>argumenta</strong></span> <span class='ocrx_word' id='word_1_147' title='bbox 694 2033 777 2094; x_wconf 79' lang='lat' dir='ltr'><strong>inter</strong></span> <span class='ocrx_word' id='word_1_148' title='bbox 791 2053 824 2094; x_wconf 87' lang='lat' dir='ltr'><strong>sc</strong></span> <span class='ocrx_word' id='word_1_149' title='bbox 839 2047 1073 2115; x_wconf 86' lang='lat' dir='ltr'><strong>comparantur.</strong></span> <span class='ocrx_word' id='word_1_150' title='bbox 1099 2034 1136 2100; x_wconf 90' lang='lat' dir='ltr'><strong>ld</strong></span> <span class='ocrx_word' id='word_1_151' title='bbox 1151 2043 1255 2094; x_wconf 88' lang='lat' dir='ltr'><strong>autem</strong></span> <span class='ocrx_word' id='word_1_152' title='bbox 1268 2049 1321 2112; x_wconf 78' lang='lat' dir='ltr'><strong>ge·</strong></span> 
     </span>
     <span class='ocr_line' id='line_1_18' title="bbox 217 2127 1320 2214; baseline -0.002 -24"><span class='ocrx_word' id='word_1_153' title='bbox 217 2148 285 2204; x_wconf 87' lang='lat' dir='ltr'><strong>nus,</strong></span> <span class='ocrx_word' id='word_1_154' title='bbox 298 2130 337 2191; x_wconf 87' lang='lat' dir='ltr'><strong>de</strong></span> <span class='ocrx_word' id='word_1_155' title='bbox 353 2149 411 2210; x_wconf 93' lang='lat' dir='ltr'><strong>quc</strong></span> <span class='ocrx_word' id='word_1_156' title='bbox 428 2131 593 2196; x_wconf 86' lang='lat' dir='ltr'><strong>novissime</strong></span> <span class='ocrx_word' id='word_1_157' title='bbox 607 2127 684 2204; x_wconf 80' lang='lat' dir='ltr'><strong>dixi,</strong></span> <span class='ocrx_word' id='word_1_158' title='bbox 700 2149 762 2192; x_wconf 91' lang='lat' dir='ltr'><strong>non</strong></span> <span class='ocrx_word' id='word_1_159' title='bbox 777 2132 874 2194; x_wconf 88' lang='lat' dir='ltr'><strong>solum</strong></span> <span class='ocrx_word' id='word_1_160' title='bbox 887 2132 920 2192; x_wconf 92' lang='lat' dir='ltr'><strong>in</strong></span> <span class='ocrx_word' id='word_1_161' title='bbox 935 2130 1048 2194; x_wconf 82' lang='lat' dir='ltr'><strong>scholis</strong></span> <span class='ocrx_word' id='word_1_162' title='bbox 1060 2149 1139 2214; x_wconf 84' lang='lat' dir='ltr'><strong>saepe</strong></span> <span class='ocrx_word' id='word_1_163' title='bbox 1153 2140 1320 2202; x_wconf 80' lang='lat' dir='ltr'><strong>tractatur,</strong></span> 
     </span>
     <span class='ocr_line' id='line_1_19' title="bbox 216 2224 1324 2307; baseline 0.001 -21"><span class='ocrx_word' id='word_1_164' title='bbox 216 2227 269 2286; x_wconf 82' lang='lat' dir='ltr'><strong>seu</strong></span> <span class='ocrx_word' id='word_1_165' title='bbox 285 2224 378 2288; x_wconf 86' lang='lat' dir='ltr'><strong>etiam</strong></span> <span class='ocrx_word' id='word_1_166' title='bbox 392 2227 425 2286; x_wconf 88' lang='lat' dir='ltr'><strong>in</strong></span> <span class='ocrx_word' id='word_1_167' title='bbox 441 2226 518 2290; x_wconf 85' lang='lat' dir='ltr'><strong>loro.</strong></span> <span class='ocrx_word' id='word_1_168' title='bbox 542 2231 622 2290; x_wconf 90' lang='lat' dir='ltr'><strong>Nam</strong></span> <span class='ocrx_word' id='word_1_169' title='bbox 637 2225 667 2287; x_wconf 85' lang='lat' dir='ltr'><strong>id</strong></span> <span class='ocrx_word' id='word_1_170' title='bbox 684 2240 732 2288; x_wconf 84' lang='lat' dir='ltr'><strong>est</strong></span> <span class='ocrx_word' id='word_1_171' title='bbox 751 2232 781 2286; x_wconf 83' lang='lat' dir='ltr'><strong>in</strong></span> <span class='ocrx_word' id='word_1_172' title='bbox 802 2248 896 2287; x_wconf 72' lang='lat' dir='ltr'><strong>caiisa</strong></span> <span class='ocrx_word' id='word_1_173' title='bbox 914 2228 1014 2290; x_wconf 70' lang='lat' dir='ltr'><strong>Naevii</strong></span> <span class='ocrx_word' id='word_1_174' title='bbox 1031 2231 1206 2307; x_wconf 75' lang='lat' dir='ltr'><strong>Arpiniani</strong></span> <span class='ocrx_word' id='word_1_175' title='bbox 1225 2228 1324 2290; x_wconf 85' lang='lat' dir='ltr'><strong>solum</strong></span> 
     </span>
     <span class='ocr_line' id='line_1_20' title="bbox 216 2322 1324 2408; baseline 0.002 -26"><span class='ocrx_word' id='word_1_176' title='bbox 216 2322 386 2403; x_wconf 71' lang='lat' dir='ltr'><strong>quaesitum,</strong></span> <span class='ocrx_word' id='word_1_177' title='bbox 402 2327 597 2402; x_wconf 65' lang='lat' dir='ltr'><strong>praecipitata</strong></span> <span class='ocrx_word' id='word_1_178' title='bbox 616 2339 696 2385; x_wconf 80' lang='lat' dir='ltr'><strong>essct</strong></span> <span class='ocrx_word' id='word_1_179' title='bbox 716 2326 754 2384; x_wconf 88' lang='lat' dir='ltr'><strong>ub</strong></span> <span class='ocrx_word' id='word_1_180' title='bbox 773 2345 809 2384; x_wconf 83' lang='lat' dir='ltr'><strong>eo</strong></span> <span class='ocrx_word' id='word_1_181' title='bbox 830 2347 921 2401; x_wconf 79' lang='lat' dir='ltr'><strong>uxor,</strong></span> <span class='ocrx_word' id='word_1_182' title='bbox 944 2348 984 2386; x_wconf 88' lang='lat' dir='ltr'><strong>an</strong></span> <span class='ocrx_word' id='word_1_183' title='bbox 1004 2347 1037 2386; x_wconf 83' lang='lat' dir='ltr'><strong>se</strong></span> <span class='ocrx_word' id='word_1_184' title='bbox 1058 2332 1123 2407; x_wconf 84' lang='lat' dir='ltr'><strong>ipsa</strong></span> <span class='ocrx_word' id='word_1_185' title='bbox 1143 2347 1198 2384; x_wconf 84' lang='lat' dir='ltr'><strong>sua</strong></span> <span class='ocrx_word' id='word_1_186' title='bbox 1218 2340 1324 2408; x_wconf 60' lang='lat' dir='ltr'><strong>monte</strong></span> 
     </span>
     <span class='ocr_line' id='line_1_21' title="bbox 211 2419 1320 2509; baseline 0.004 -29"><span class='ocrx_word' id='word_1_187' title='bbox 211 2422 349 2507; x_wconf 63' lang='lat' dir='ltr'><strong>jecisset.</strong></span> <span class='ocrx_word' id='word_1_188' title='bbox 357 2419 452 2504; x_wconf 81' lang='lat' dir='ltr'><strong>Cujus</strong></span> <span class='ocrx_word' id='word_1_189' title='bbox 461 2423 619 2486; x_wconf 76' lang='lat' dir='ltr'><strong>actionem</strong></span> <span class='ocrx_word' id='word_1_190' title='bbox 628 2435 661 2486; x_wconf 89' lang='lat' dir='ltr'><strong>et</strong></span> <span class='ocrx_word' id='word_1_191' title='bbox 670 2424 791 2505; x_wconf 89' lang='lat' dir='ltr'><strong>quidem</strong></span> <span class='ocrx_word' id='word_1_192' title='bbox 801 2423 897 2486; x_wconf 82' lang='lat' dir='ltr'><strong>solam</strong></span> <span class='ocrx_word' id='word_1_193' title='bbox 907 2422 940 2486; x_wconf 91' lang='lat' dir='ltr'><strong>in</strong></span> <span class='ocrx_word' id='word_1_194' title='bbox 950 2424 1008 2488; x_wconf 86' lang='lat' dir='ltr'><strong>hcc</strong></span> <span class='ocrx_word' id='word_1_195' title='bbox 1018 2438 1136 2509; x_wconf 81' lang='lat' dir='ltr'><strong>tempus</strong></span> <span class='ocrx_word' id='word_1_196' title='bbox 1144 2419 1320 2496; x_wconf 83' lang='lat' dir='ltr'><strong>emiseram,</strong></span> 
     </span>
     <span class='ocr_line' id='line_1_22' title="bbox 219 2520 1322 2607; baseline 0.002 -26"><span class='ocrx_word' id='word_1_197' title='bbox 219 2523 300 2603; x_wconf 86' lang='lat' dir='ltr'><strong>quod</strong></span> <span class='ocrx_word' id='word_1_198' title='bbox 313 2520 412 2605; x_wconf 85' lang='lat' dir='ltr'><strong>ipsum</strong></span> <span class='ocrx_word' id='word_1_199' title='bbox 428 2543 477 2584; x_wconf 89' lang='lat' dir='ltr'><strong>me</strong></span> <span class='ocrx_word' id='word_1_200' title='bbox 495 2521 603 2586; x_wconf 86' lang='lat' dir='ltr'><strong>fecisse</strong></span> <span class='ocrx_word' id='word_1_201' title='bbox 616 2525 742 2587; x_wconf 86' lang='lat' dir='ltr'><strong>ductum</strong></span> <span class='ocrx_word' id='word_1_202' title='bbox 759 2522 890 2604; x_wconf 86' lang='lat' dir='ltr'><strong>juvenili</strong></span> <span class='ocrx_word' id='word_1_203' title='bbox 908 2522 1078 2607; x_wconf 88' lang='lat' dir='ltr'><strong>cupiditate</strong></span> <span class='ocrx_word' id='word_1_204' title='bbox 1091 2525 1197 2604; x_wconf 83' lang='lat' dir='ltr'><strong>gloriae</strong></span> <span class='ocrx_word' id='word_1_205' title='bbox 1210 2523 1322 2586; x_wconf 75' lang='lat' dir='ltr'><strong>fateor.</strong></span> 
     </span>
     <span class='ocr_line' id='line_1_23' title="bbox 218 2620 1326 2704; baseline 0 -22"><span class='ocrx_word' id='word_1_206' title='bbox 218 2622 298 2682; x_wconf 88' lang='lat' dir='ltr'><strong>Nam</strong></span> <span class='ocrx_word' id='word_1_207' title='bbox 312 2633 435 2694; x_wconf 79' lang='lat' dir='ltr'><strong>ccteroe,</strong></span> <span class='ocrx_word' id='word_1_208' title='bbox 452 2639 520 2704; x_wconf 79' lang='lat' dir='ltr'><strong>quae</strong></span> <span class='ocrx_word' id='word_1_209' title='bbox 539 2621 596 2684; x_wconf 84' lang='lat' dir='ltr'><strong>sub</strong></span> <span class='ocrx_word' id='word_1_210' title='bbox 618 2623 743 2685; x_wconf 88' lang='lat' dir='ltr'><strong>nomine</strong></span> <span class='ocrx_word' id='word_1_211' title='bbox 764 2641 832 2686; x_wconf 89' lang='lat' dir='ltr'><strong>mec</strong></span> <span class='ocrx_word' id='word_1_212' title='bbox 854 2620 1008 2697; x_wconf 82' lang='lat' dir='ltr'><strong>teruntur,</strong></span> <span class='ocrx_word' id='word_1_213' title='bbox 1031 2620 1222 2704; x_wconf 73' lang='lat' dir='ltr'><strong>negligentia</strong></span> <span class='ocrx_word' id='word_1_214' title='bbox 1242 2621 1326 2685; x_wconf 84' lang='lat' dir='ltr'><strong>exci-</strong></span> 
     </span>
    </p>
   </div>
   <div class='ocr_carea' id='block_1_10' title="bbox 218 2713 1326 2876">
    <p class='ocr_par' dir='ltr' id='par_1_10' title="bbox 218 2713 1326 2876">
     <span class='ocr_line' id='line_1_24' title="bbox 218 2713 1326 2805; baseline 0.003 -29"><span class='ocrx_word' id='word_1_215' title='bbox 218 2713 370 2802; x_wconf 81' lang='lat' dir='ltr'><strong>pientium</strong></span> <span class='ocrx_word' id='word_1_216' title='bbox 381 2717 414 2778; x_wconf 91' lang='lat' dir='ltr'><strong>in</strong></span> <span class='ocrx_word' id='word_1_217' title='bbox 427 2730 573 2799; x_wconf 78' lang='lat' dir='ltr'><strong>quaestum</strong></span> <span class='ocrx_word' id='word_1_218' title='bbox 584 2716 775 2782; x_wconf 86' lang='lat' dir='ltr'><strong>notariorum</strong></span> <span class='ocrx_word' id='word_1_219' title='bbox 788 2731 955 2805; x_wconf 78' lang='lat' dir='ltr'><strong>corruptae,</strong></span> <span class='ocrx_word' id='word_1_220' title='bbox 964 2721 1124 2785; x_wconf 82' lang='lat' dir='ltr'><strong>minimam</strong></span> <span class='ocrx_word' id='word_1_221' title='bbox 1133 2731 1254 2802; x_wconf 82' lang='lat' dir='ltr'><strong>partem</strong></span> <span class='ocrx_word' id='word_1_222' title='bbox 1264 2719 1326 2780; x_wconf 89' lang='lat' dir='ltr'><strong>mci</strong></span> 
     </span>
     <span class='ocr_line' id='line_1_25' title="bbox 219 2815 548 2876; baseline 0.012 -2"><span class='ocrx_word' id='word_1_223' title='bbox 219 2815 347 2876; x_wconf 77' lang='lat' dir='ltr'><strong>liabent.</strong></span> <span class='ocrx_word' id='word_1_224' title='bbox 545 2822 548 2831; x_wconf 58' lang='lat'><strong>⁴</strong></span> 
     </span>
    </p>
   </div>
   <div class='ocr_carea' id='block_1_11' title="bbox 248 2952 1325 3200">
    <p class='ocr_par' dir='ltr' id='par_1_11' title="bbox 248 2952 1325 3200">
     <span class='ocr_line' id='line_1_26' title="bbox 248 2952 1324 3028; baseline 0.001 -23"><span class='ocrx_word' id='word_1_225' title='bbox 248 2973 332 3008; x_wconf 73' lang='lat' dir='ltr'><strong>nausa</strong></span> <span class='ocrx_word' id='word_1_226' title='bbox 342 2952 446 3022; x_wconf 75' lang='lat' dir='ltr'><strong>Noeuii]</strong></span> <span class='ocrx_word' id='word_1_227' title='bbox 460 2957 583 3010; x_wconf 78' lang='lat' dir='ltr'><strong>Noeviana</strong></span> <span class='ocrx_word' id='word_1_228' title='bbox 595 2955 651 3014; x_wconf 68' lang='lat' dir='ltr'><strong>het</strong></span> <span class='ocrx_word' id='word_1_229' title='bbox 666 2973 745 3010; x_wconf 84' lang='lat' dir='ltr'><strong>causa</strong></span> <span class='ocrx_word' id='word_1_230' title='bbox 757 2955 838 3010; x_wconf 81' lang='lat' dir='ltr'><strong>bonis</strong></span> <span class='ocrx_word' id='word_1_231' title='bbox 855 2958 1019 3028; x_wconf 74' lang='lat' dir='ltr'><strong>argumentis</strong></span> <span class='ocrx_word' id='word_1_232' title='bbox 1036 2976 1051 3008; x_wconf 83' lang='lat' dir='ltr'><strong>a</strong></span> <span class='ocrx_word' id='word_1_233' title='bbox 1070 2954 1210 3010; x_wconf 75' lang='lat' dir='ltr'><strong>Dotlwello</strong></span> <span class='ocrx_word' id='word_1_234' title='bbox 1226 2953 1324 3008; x_wconf 76' lang='lat' dir='ltr'><strong>Annal.</strong></span> 
     </span>
     <span class='ocr_line' id='line_1_27' title="bbox 291 3035 1325 3112; baseline 0.001 -24"><span class='ocrx_word' id='word_1_235' title='bbox 291 3035 385 3104; x_wconf 86' lang='lat' dir='ltr'><strong>Quint.</strong></span> <span class='ocrx_word' id='word_1_236' title='bbox 402 3037 425 3104; x_wconf 86' lang='lat'><strong>§.</strong></span> <span class='ocrx_word' id='word_1_237' title='bbox 445 3041 471 3090; x_wconf 84' lang='lat' dir='ltr'><strong>ll</strong></span> <span class='ocrx_word' id='word_1_238' title='bbox 483 3037 633 3110; x_wconf 74' lang='lat' dir='ltr'><strong>assignatur</strong></span> <span class='ocrx_word' id='word_1_239' title='bbox 644 3039 746 3110; x_wconf 77' lang='lat' dir='ltr'><strong>70pcst</strong></span> <span class='ocrx_word' id='word_1_240' title='bbox 760 3039 897 3092; x_wconf 81' lang='lat' dir='ltr'><strong>Christum</strong></span> <span class='ocrx_word' id='word_1_241' title='bbox 913 3058 994 3103; x_wconf 87' lang='lat' dir='ltr'><strong>anno,</strong></span> <span class='ocrx_word' id='word_1_242' title='bbox 1012 3058 1073 3092; x_wconf 89' lang='lat' dir='ltr'><strong>cum</strong></span> <span class='ocrx_word' id='word_1_243' title='bbox 1089 3037 1275 3112; x_wconf 82' lang='lat' dir='ltr'><strong>Quintilianus</strong></span> <span class='ocrx_word' id='word_1_244' title='bbox 1291 3039 1325 3090; x_wconf 83' lang='lat' dir='ltr'><strong>‘tt</strong></span> 
     </span>
     <span class='ocr_line' id='line_1_28' title="bbox 289 3122 706 3200; baseline 0.005 -25"><span class='ocrx_word' id='word_1_245' title='bbox 289 3122 374 3176; x_wconf 78' lang='lat' dir='ltr'><strong>aemtis</strong></span> <span class='ocrx_word' id='word_1_246' title='bbox 386 3142 442 3176; x_wconf 82' lang='lat' dir='ltr'><strong>suae</strong></span> <span class='ocrx_word' id='word_1_247' title='bbox 455 3136 552 3198; x_wconf 77' lang='lat' dir='ltr'><strong>ageret.</strong></span> <span class='ocrx_word' id='word_1_248' title='bbox 563 3123 706 3200; x_wconf 76' lang='lat' dir='ltr'><strong>Spalding.</strong></span> 
     </span>
    </p>
   </div>
   <div class='ocr_carea' id='block_1_12' title="bbox 220 3263 1326 3440">
    <p class='ocr_par' dir='ltr' id='par_1_12' title="bbox 220 3263 1326 3440">
     <span class='ocr_line' id='line_1_29' title="bbox 264 3263 1326 3348; baseline -0.001 -23"><span class='ocrx_word' id='word_1_249' title='bbox 264 3265 404 3329; x_wconf 84' lang='lat' dir='ltr'><strong>Meminit</strong></span> <span class='ocrx_word' id='word_1_250' title='bbox 415 3263 626 3348; x_wconf 77' lang='lat' dir='ltr'><strong>Quintilianus</strong></span> <span class='ocrx_word' id='word_1_251' title='bbox 641 3267 772 3330; x_wconf 81' lang='lat' dir='ltr'><strong>aliarum</strong></span> <span class='ocrx_word' id='word_1_252' title='bbox 786 3267 926 3341; x_wconf 83' lang='lat' dir='ltr'><strong>duarum,</strong></span> <span class='ocrx_word' id='word_1_253' title='bbox 942 3285 1017 3348; x_wconf 80' lang='lat' dir='ltr'><strong>qnae</strong></span> <span class='ocrx_word' id='word_1_254' title='bbox 1033 3277 1236 3338; x_wconf 82' lang='lat' dir='ltr'><strong>tractaverat,</strong></span> <span class='ocrx_word' id='word_1_255' title='bbox 1256 3283 1326 3325; x_wconf 86' lang='lat' dir='ltr'><strong>cau·</strong></span> 
     </span>
     <span class='ocr_line' id='line_1_30' title="bbox 220 3361 740 3440; baseline 0.012 -20"><span class='ocrx_word' id='word_1_256' title='bbox 220 3380 335 3438; x_wconf 88' lang='lat' dir='ltr'><strong>sarum,</strong></span> <span class='ocrx_word' id='word_1_257' title='bbox 349 3363 404 3440; x_wconf 82' lang='lat' dir='ltr'><strong>tv,</strong></span> <span class='ocrx_word' id='word_1_258' title='bbox 418 3365 447 3438; x_wconf 87' lang='lat'><strong>1,</strong></span> <span class='ocrx_word' id='word_1_259' title='bbox 462 3361 514 3438; x_wconf 84' lang='lat'><strong>19,</strong></span> <span class='ocrx_word' id='word_1_260' title='bbox 528 3374 560 3424; x_wconf 85' lang='lat' dir='ltr'><strong>et</strong></span> <span class='ocrx_word' id='word_1_261' title='bbox 572 3362 631 3434; x_wconf 84' lang='lat' dir='ltr'><strong>tx,</strong></span> <span class='ocrx_word' id='word_1_262' title='bbox 646 3363 677 3433; x_wconf 83' lang='lat'><strong>2,</strong></span> <span class='ocrx_word' id='word_1_263' title='bbox 689 3364 740 3426; x_wconf 78' lang='lat'><strong>73.</strong></span> 
     </span>
    </p>
   </div>
   <div class='ocr_carea' id='block_1_13' title="bbox 393 3568 1151 3643">
    <p class='ocr_par' dir='ltr' id='par_1_13' title="bbox 393 3568 1151 3643">
     <span class='ocr_line' id='line_1_31' title="bbox 393 3568 1151 3643; baseline -0.007 -1"><span class='ocrx_word' id='word_1_264' title='bbox 393 3570 503 3643; x_wconf 83' lang='lat' dir='ltr'><strong>CXII.</strong></span> <span class='ocrx_word' id='word_1_265' title='bbox 532 3569 574 3642; x_wconf 93' lang='lat' dir='ltr'><strong>C.</strong></span> <span class='ocrx_word' id='word_1_266' title='bbox 592 3568 734 3643; x_wconf 89' lang='lat' dir='ltr'><strong>Plinius</strong></span> <span class='ocrx_word' id='word_1_267' title='bbox 751 3568 923 3642; x_wconf 86' lang='lat' dir='ltr'><strong>Caecilius</strong></span> <span class='ocrx_word' id='word_1_268' title='bbox 939 3568 1151 3641; x_wconf 89' lang='lat' dir='ltr'><strong>Secundus.</strong></span> 
     </span>
    </p>
   </div>
   <div class='ocr_carea' id='block_1_14' title="bbox 223 3785 1328 4276">
    <p class='ocr_par' dir='ltr' id='par_1_14' title="bbox 223 3785 1328 3974">
     <span class='ocr_line' id='line_1_32' title="bbox 264 3785 1328 3872; baseline -0.007 -19"><span class='ocrx_word' id='word_1_269' title='bbox 264 3792 361 3854; x_wconf 89' lang='lat' dir='ltr'><strong>Natus</strong></span> <span class='ocrx_word' id='word_1_270' title='bbox 378 3810 407 3852; x_wconf 87' lang='lat' dir='ltr'><strong>a.</strong></span> <span class='ocrx_word' id='word_1_271' title='bbox 422 3791 496 3865; x_wconf 80' lang='lat'><strong>814,</strong></span> <span class='ocrx_word' id='word_1_272' title='bbox 516 3793 623 3856; x_wconf 88' lang='lat' dir='ltr'><strong>consul</strong></span> <span class='ocrx_word' id='word_1_273' title='bbox 641 3790 700 3853; x_wconf 86' lang='lat' dir='ltr'><strong>luit</strong></span> <span class='ocrx_word' id='word_1_274' title='bbox 718 3810 747 3851; x_wconf 89' lang='lat' dir='ltr'><strong>a.</strong></span> <span class='ocrx_word' id='word_1_275' title='bbox 762 3792 800 3856; x_wconf 94' lang='lat' dir='ltr'><strong>U.</strong></span> <span class='ocrx_word' id='word_1_276' title='bbox 815 3791 888 3866; x_wconf 79' lang='lat'><strong>852,</strong></span> <span class='ocrx_word' id='word_1_277' title='bbox 901 3801 971 3872; x_wconf 87' lang='lat' dir='ltr'><strong>pust</strong></span> <span class='ocrx_word' id='word_1_278' title='bbox 985 3789 1060 3855; x_wconf 82' lang='lat' dir='ltr'><strong>Chr.</strong></span> <span class='ocrx_word' id='word_1_279' title='bbox 1077 3787 1137 3852; x_wconf 88' lang='lat'><strong>100</strong></span> <span class='ocrx_word' id='word_1_280' title='bbox 1147 3814 1156 3866; x_wconf 89' lang='lat'>;</span> <span class='ocrx_word' id='word_1_281' title='bbox 1174 3785 1328 3869; x_wconf 78' lang='lat' dir='ltr'><strong>Bithynice</strong></span> 
     </span>
     <span class='ocr_line' id='line_1_33' title="bbox 223 3893 1141 3974; baseline -0.004 -19"><span class='ocrx_word' id='word_1_282' title='bbox 223 3893 667 3974; x_wconf 82' lang='lat' dir='ltr'><strong>acPontoproelectnsa.855.</strong></span> <span class='ocrx_word' id='word_1_283' title='bbox 1137 3910 1141 3920; x_wconf 67' lang='lat'>¹</span> 
     </span>
    </p>

    <p class='ocr_par' dir='ltr' id='par_1_15' title="bbox 223 3987 1328 4276">
     <span class='ocr_line' id='line_1_34' title="bbox 266 3987 1328 4080; baseline -0.007 -25"><span class='ocrx_word' id='word_1_284' title='bbox 266 3991 349 4057; x_wconf 89' lang='lat' dir='ltr'><strong>Plin.</strong></span> <span class='ocrx_word' id='word_1_285' title='bbox 363 3995 459 4076; x_wconf 87' lang='lat' dir='ltr'><strong>Epist.</strong></span> <span class='ocrx_word' id='word_1_286' title='bbox 468 3995 507 4069; x_wconf 86' lang='lat' dir='ltr'><strong>V,</strong></span> <span class='ocrx_word' id='word_1_287' title='bbox 518 3996 549 4066; x_wconf 90' lang='lat'><strong>8,</strong></span> <span class='ocrx_word' id='word_1_288' title='bbox 562 3995 580 4056; x_wconf 87' lang='lat'><strong>6</strong></span> <span class='ocrx_word' id='word_1_289' title='bbox 593 4015 601 4052; x_wconf 76' lang='grc' dir='ltr'><strong><em>ε</em></strong></span> <span class='ocrx_word' id='word_1_290' title='bbox 618 3993 676 4080; x_wconf 72' lang='lat' dir='ltr'><strong>Egi</strong></span> <span class='ocrx_word' id='word_1_291' title='bbox 688 3988 814 4074; x_wconf 81' lang='lat' dir='ltr'><strong>magnas</strong></span> <span class='ocrx_word' id='word_1_292' title='bbox 824 4003 856 4054; x_wconf 92' lang='lat' dir='ltr'><strong>et</strong></span> <span class='ocrx_word' id='word_1_293' title='bbox 866 4011 977 4074; x_wconf 75' lang='lat' dir='ltr'><strong>graves</strong></span> <span class='ocrx_word' id='word_1_294' title='bbox 988 4009 1107 4055; x_wconf 84' lang='lat' dir='ltr'><strong>causas.</strong></span> <span class='ocrx_word' id='word_1_295' title='bbox 1120 3991 1185 4052; x_wconf 83' lang='lat' dir='ltr'><strong>llas</strong></span> <span class='ocrx_word' id='word_1_296' title='bbox 1195 3987 1328 4074; x_wconf 86' lang='lat' dir='ltr'><strong>(etiamsi</strong></span> 
     </span>
     <span class='ocr_line' id='line_1_35' title="bbox 223 4090 1327 4179; baseline -0.007 -23"><span class='ocrx_word' id='word_1_297' title='bbox 223 4095 300 4158; x_wconf 89' lang='lat' dir='ltr'><strong>mihi</strong></span> <span class='ocrx_word' id='word_1_298' title='bbox 315 4096 415 4160; x_wconf 86' lang='lat' dir='ltr'><strong>tennis</strong></span> <span class='ocrx_word' id='word_1_299' title='bbox 429 4116 466 4158; x_wconf 85' lang='lat' dir='ltr'><strong>cx</strong></span> <span class='ocrx_word' id='word_1_300' title='bbox 481 4094 520 4156; x_wconf 90' lang='lat' dir='ltr'><strong>iis</strong></span> <span class='ocrx_word' id='word_1_301' title='bbox 533 4095 613 4179; x_wconf 83' lang='lat' dir='ltr'><strong>spes)</strong></span> <span class='ocrx_word' id='word_1_302' title='bbox 632 4095 751 4157; x_wconf 89' lang='lat' dir='ltr'><strong>destino</strong></span> <span class='ocrx_word' id='word_1_303' title='bbox 770 4104 955 4168; x_wconf 82' lang='lat' dir='ltr'><strong>retractare,</strong></span> <span class='ocrx_word' id='word_1_304' title='bbox 978 4113 1018 4156; x_wconf 88' lang='lat' dir='ltr'><strong>ne</strong></span> <span class='ocrx_word' id='word_1_305' title='bbox 1037 4104 1142 4156; x_wconf 87' lang='lat' dir='ltr'><strong>tantus</strong></span> <span class='ocrx_word' id='word_1_306' title='bbox 1161 4092 1215 4155; x_wconf 90' lang='lat' dir='ltr'><strong>ille</strong></span> <span class='ocrx_word' id='word_1_307' title='bbox 1235 4090 1327 4154; x_wconf 89' lang='lat' dir='ltr'><strong>labor</strong></span> 
     </span>
     <span class='ocr_line' id='line_1_36' title="bbox 224 4187 1328 4276; baseline -0.007 -18"><span class='ocrx_word' id='word_1_308' title='bbox 224 4214 320 4269; x_wconf 79' lang='lat' dir='ltr'><strong>meus,</strong></span> <span class='ocrx_word' id='word_1_309' title='bbox 335 4196 368 4258; x_wconf 91' lang='lat' dir='ltr'><strong>ni</strong></span> <span class='ocrx_word' id='word_1_310' title='bbox 379 4197 450 4266; x_wconf 89' lang='lat' dir='ltr'><strong>hcc,</strong></span> <span class='ocrx_word' id='word_1_311' title='bbox 465 4195 546 4276; x_wconf 78' lang='lat' dir='ltr'><strong>quotl</strong></span> <span class='ocrx_word' id='word_1_312' title='bbox 559 4195 711 4276; x_wconf 87' lang='lat' dir='ltr'><strong>reliquum</strong></span> <span class='ocrx_word' id='word_1_313' title='bbox 724 4206 771 4260; x_wconf 85' lang='lat' dir='ltr'><strong>eet</strong></span> <span class='ocrx_word' id='word_1_314' title='bbox 783 4189 887 4266; x_wconf 85' lang='lat' dir='ltr'><strong>studii,</strong></span> <span class='ocrx_word' id='word_1_315' title='bbox 901 4192 1059 4266; x_wconf 81' lang='lat' dir='ltr'><strong>addidero,</strong></span> <span class='ocrx_word' id='word_1_316' title='bbox 1073 4210 1194 4258; x_wconf 86' lang='lat' dir='ltr'><strong>mecum</strong></span> <span class='ocrx_word' id='word_1_317' title='bbox 1205 4187 1328 4272; x_wconf 84' lang='lat' dir='ltr'><strong>pariter</strong></span> 
     </span>
    </p>
   </div>
   <div class='ocr_carea' id='block_1_15' title="bbox 0 0 1495 4840">
    <p class='ocr_par' dir='ltr' id='par_1_16' title="bbox 0 0 1495 4840">
     <span class='ocr_line' id='line_1_37' title="bbox 0 0 1495 4840; baseline 0 0"><span class='ocrx_word' id='word_1_318' title='bbox 0 0 1495 4840; x_wconf 95' lang='lat' dir='ltr'><strong> </strong></span> 
     </span>
    </p>
   </div>
  </div>
 </body>
</html>
