2954 4840
781 327 850 399 338

268 463 426 542 stiterunt,
442 481 533 549 arque
549 467 590 526 ito
605 469 637 524 tn
650 463 740 526 libris
752 464 852 526 adhaec
863 468 1011 549 flenmtur
1025 463 1067 546 (i.
1084 485 1113 526 e.
1129 463 1162 527 in
1176 484 1286 528 eorum
1299 485 1367 528 ora·

266 570 429 648 tionibnsl3
450 571 546 636 Curio
559 591 646 643 avns,
665 572 718 653 qni
733 572 876 636 Servium
888 569 1030 636 Fulvium
1042 569 1154 634 incesti
1164 593 1251 634 renm
1262 572 1366 636 defen-

265 669 321 747 dit,
342 681 375 734 et
395 670 447 732 lric
465 671 501 732 C.
524 669 619 734 Curio
635 682 735 752 pater,
751 672 804 751 qui
818 670 856 732 P.
874 670 980 734 Clodio
1001 669 1108 744 adluit,
1135 682 1168 732 et
1184 671 1299 732 tertius
1311 671 1362 734 ille

264 771 361 834 Curio
376 769 572 845 tribunicius,
600 771 653 852 qni
667 769 750 832 bello
765 768 852 833 civili
865 770 1054 852 Pompeiano
1069 769 1103 832 in
1118 766 1226 832 Africa
1245 768 1359 851 periit:

264 889 334 932 cum
345 867 430 933 enim
440 881 519 934 esset
527 865 665 952 partium
675 869 817 943 Caesaris,
833 889 995 952 oppressus
1005 880 1052 930 est
1062 869 1102 932 ab
1112 867 1267 950 equitibus
1274 870 1361 932 lube

262 987 355 1047 regas.

305 1067 389 1130 Plin.
404 1068 444 1130 ll.
461 1069 499 1130 N.
512 1069 590 1142 Vll,
601 1069 638 1129 41
657 1071 750 1136 :Una
760 1064 876 1130 lamilia
890 1066 1071 1143 Curionum,
1087 1069 1121 1129 in
1134 1089 1193 1149 qua
1209 1083 1274 1132 tres
1288 1089 1359 1132 con·

260 1167 347 1228 sinna
359 1165 441 1230 serie
455 1176 596 1230 oratores
608 1164 805 1228 exstiterunt.

299 1267 349 1330 De
362 1285 421 1330 avo
432 1277 464 1330 et
477 1276 567 1348 patre
576 1283 670 1346 snpra
685 1260 814 1326 dictum.

623 1463 703 1536 XC.
733 1463 776 1532 T.
806 1463 991 1535 Labienus.

296 1686 415 1751 seneca
426 1679 579 1746 Controv.
595 1681 635 1752 V,
652 1698 684 1773 p.
700 1679 760 1742 sto
775 1701 821 1762 sq.
837 1681 886 1742 ed.
907 1677 995 1763 sip:
1014 1681 1061 1744 De
1072 1682 1208 1746 Labieno
1219 1684 1352 1747 interro·

253 1784 358 1867 gatis?
371 1783 566 1848 Declamavit
580 1802 643 1844 non
654 1782 776 1862 quidem
790 1783 913 1864 populo,
930 1783 983 1844 sed
996 1783 1131 1862 egregie.
1149 1787 1219 1848 Non
1243 1787 1352 1849 admit·

253 1885 340 1948 tebat
357 1881 514 1966 populum,
538 1894 570 1943 et
591 1880 663 1963 quia
686 1882 822 1944 nondum
842 1881 906 1942 haec
922 1883 1109 1944 consuetudo
1131 1897 1200 1944 erat
1213 1884 1349 1962 inducta,

252 1996 286 2044 et
295 1981 368 2063 qnia
381 1977 511 2061 putabat
523 1991 613 2060 tmpe
628 1997 665 2040 ac
676 1977 794 2040 lrivolre
805 1972 999 2058 jactationis.
1015 1977 1192 2056 dilectabat
1202 1981 1265 2042 imo
1279 2001 1352 2042 cen·

251 2082 370 2144 sorinm
384 2077 596 2162 supercilium,
611 2097 679 2139 cum
695 2076 880 2138 aliusauimo
895 2088 986 2139 esset.
1005 2079 1144 2156 Magnus
1159 2094 1280 2154 orator,
1301 2080 1353 2162 qni

253 2200 311 2263 per
326 2179 424 2240 multa
441 2177 661 2258 impedimenta
675 2179 841 2252 eluctatus,
867 2179 905 2238 ad
920 2179 1031 2240 lamam
1048 2175 1167 2260 ingenii
1181 2180 1353 2245 confitenti·

250 2278 309 2340 bu
321 2271 418 2356 magis
440 2273 618 2336 hominibus
629 2287 819 2356 pervenerat
830 2293 924 2354 quam
942 2273 1128 2338 volentibus.
1143 2277 1270 2340 Summa
1284 2299 1352 2358 ege·

247 2389 313 2438 stas
326 2385 407 2448 erat,
427 2367 697 2445 summainlamia‚
717 2390 867 2434 summum
879 2368 995 2434 odium.
1010 2373 1122 2453 Magna
1140 2384 1242 2434 autem
1257 2374 1353 2440 debet

251 2491 317 2538 esse
332 2467 520 2551 eloquentia,
534 2487 601 2546 que.
616 2464 724 2531 invitis
732 2468 865 2552 placeat.
880 2467 957 2531 Cum
963 2469 1184 2548 ingenialavor
1193 2469 1352 2535 hominnm

248 2573 405 2647 ostendat,
427 2568 515 2631 favor
530 2561 606 2643 alat,
621 2581 767 2650 quantam
787 2569 852 2629 vim
868 2586 935 2630 esse
958 2583 1092 2652 oportet,
1115 2589 1182 2651 quoe
1195 2567 1280 2634 inter
1297 2573 1350 2635 ob-

248 2668 364 2730 stantia
387 2663 557 2747 erumpat?
577 2666 674 2727 Nemo
688 2677 767 2740 erat,
792 2665 879 2746 quin,
895 2684 966 2726 cum
985 2661 1104 2727 homini
1119 2662 1224 2728 omnia
1237 2666 1349 2750 objice·

142 2845 145 2854 Ι
248 2780 309 2844 ret,
330 2765 458 2846 ingenio
472 2764 601 2826 multum
614 2763 809 2827 tribueret...
826 2765 920 2830 Color
933 2765 1084 2830 orationis
1098 2767 1244 2848 antiquae,
1260 2765 1350 2848 vigor
1423 2824 1424 2827 ,

248 2887 346 2933 novae.
363 2867 472 2931 Cultus
494 2867 578 2929 inter
593 2879 733 2928 nostrum
748 2887 785 2930 ac
799 2863 887 2948 prius
902 2867 1038 2930 seculum
1060 2865 1189 2946 medius,
1215 2868 1351 2932 utillum

246 2981 351 3054 posset
364 2979 494 3048 utraque
509 2985 581 3049 pars
595 2962 656 3027 sibi
670 2965 846 3030 vindicare.
862 2966 1004 3030 Libertas
1028 2965 1127 3044 tanta,
1145 2980 1179 3028 ut
1197 2969 1351 3033 libertatis

247 3089 361 3133 nomen
375 3065 551 3138 excederet,
567 3077 610 3142 et,
630 3065 701 3147 quia
715 3064 829 3150 passim
844 3065 970 3142 ordines
982 3065 1183 3150 hominesque
1196 3068 1348 3150 laniabat,
1400 3088 1403 3099 ·

247 3167 400 3231 Rabienus
414 3178 590 3228 vocaretur.
608 3164 740 3227 Animus
761 3185 818 3248 per
839 3163 917 3227 vitia
940 3167 1062 3246 ingens,
1079 3178 1111 3227 et
1125 3169 1163 3228 ad
1178 3167 1351 3242 similitudi·

247 3291 317 3335 nem
339 3263 459 3348 ingenii
474 3267 522 3328 sui
542 3265 705 3341 violentus,
732 3278 763 3328 et
788 3263 841 3347 qui
855 3265 1057 3350 Pompeianos
1070 3265 1197 3350 spiritus
1212 3271 1349 3332 nondum

245 3373 280 3434 in
304 3383 394 3432 tanta
419 3389 495 3453 pace
510 3367 672 3451 posuisset.
690 3370 728 3430 ln
753 3368 836 3430 hunc
852 3363 987 3449 primum
1012 3354 1188 3448 excogitata
1208 3381 1255 3430 cst
1269 3391 1350 3433 nota

245 3491 339 3556 poena
359 3493 367 3531 ε
382 3469 525 3532 ellectum
541 3480 590 3530 est
603 3465 688 3530 enim
704 3489 761 3550 per
775 3465 931 3542 inimicos,
957 3481 991 3529 ut
1005 3488 1111 3535 omnes
1128 3467 1195 3551 ejus
1210 3469 1288 3532 libri
1303 3473 1351 3534 in·

142 3627 149 3638 .
245 3571 465 3634 cenderentur.
484 3569 554 3630 Non
571 3567 644 3629 tulit
656 3567 739 3628 banc
753 3563 910 3628 Labienus
924 3569 1154 3640 contumeliam,
1173 3589 1231 3630 nec
1245 3589 1350 3652 super·

243 3686 307 3737 stes
321 3691 386 3734 esse
396 3669 523 3752 iugenio
535 3689 590 3732 suo
601 3669 712 3740 uoluit,
725 3669 778 3730 sed
799 3665 834 3730 in
848 3681 1046 3731 monumenta
1062 3690 1095 3733 se
1109 3668 1261 3752 majorum
1274 3689 1347 3734 suo·

244 3791 313 3836 rum
327 3767 404 3830 lerri
414 3766 505 3848 jussit
519 3780 611 3848 atquc
630 3765 674 3825 ita
689 3763 819 3838 includi,
839 3765 958 3826 veritus
972 3762 1094 3828 scilicet
1113 3786 1154 3830 ne
1176 3767 1268 3846 ignis,
1291 3765 1348 3849 qni

243 3866 364 3934 nomini
387 3884 441 3927 suo
456 3864 613 3946 subjectus
626 3874 707 3934 erat,
726 3862 852 3946 corpori
860 3877 1032 3942 negaretur
1046 3883 1054 3924 t
1079 3884 1143 3928 non
1157 3855 1346 3952 finivit'tan·

183 4011 186 4020 .
243 3983 309 4032 tnm
319 3985 353 4028 se
366 3964 443 4046 ipse,
454 3963 507 4023 sed
522 3961 616 4022 etiam
626 3956 778 4040 sepelivit.
797 3959 924 4023 Memini
937 3962 1101 4043 aliqnando
1115 3982 1186 4025 cum
1195 3955 1347 4025 recitaret

243 4049 419 4135 historiam,
445 4077 589 4136 magnam
610 4069 731 4141 partem
758 4059 950 4123 convolvisse
974 4073 1007 4124 et
1027 4057 1139 4123 dixisse
1163 4063 1263 4124 :Hec
1277 4080 1346 4143 que

245 4179 371 4228 transeo
386 4163 603 4242 postmortem
618 4173 719 4218 meam
734 4155 894 4236 legentur!
