2904 4838
265 465 342 528 (into
355 460 395 524 in·
404 458 646 546 dissuasionejde
655 464 865 526 (cummium.
884 463 989 522 tereto
1000 473 1105 521 amm
1110 464 1222 542 perlato
1234 468 1310 524 uum
1320 483 1366 526 ea

254 559 759 642 fenoreditcotdioexcrescebot.

147 669 149 674 “
192 684 238 764 60
307 661 383 744 Quae
397 659 439 721 sit
451 658 502 718 lex
516 654 612 719 lunia
626 659 664 720 de
674 655 881 734 feneratione,
894 677 957 720 non
970 667 1104 720 constat.
1117 658 1210 738 -upuu
1221 658 1365 738 Pigm'urn

263 765 350 824 certe
371 773 403 822 et
420 757 569 822 Baebium
580 755 692 820 similis
703 758 755 822 lex
766 777 829 821 non
840 770 1042 823 memoratur.
1060 757 1367 822 Atlortasselunius

262 860 386 944 quidam
400 855 571 942 aliquando
580 859 680 940 legem
694 859 732 922 de
746 859 941 924 feneratione
954 858 1042 936 tulit,
1064 878 1131 940 quae
1149 860 1293 922 obstante
1308 861 1368 923 Ca-

262 975 335 1023 tone
349 979 370 1020 a
381 960 497 1042 popolo
509 955 676 1043 repudiate
691 970 726 1024 et
738 979 810 1024 mox
822 956 979 1040 oblivioni.
989 959 1104 1038 tradita
1123 971 1189 1034 est,
1205 955 1267 1020 nisi
1281 960 1365 1022 acci-

261 1079 339 1143 pere
356 1061 470 1138 mavis,
494 1081 637 1126 errorem
654 1061 752 1142 latere
771 1061 805 1124 in
825 1059 1031 1145 inscriptione
1050 1075 1084 1124 et
1102 1061 1268 1140 legendum
1286 1061 1367 1140 legis

266 1162 380 1224 naute
397 1164 452 1226 rel
467 1165 607 1238 Maera,
626 1181 693 1243 que
709 1163 777 1238 lex,
794 1160 920 1228 nomine
935 1162 1045 1228 Deilie
1062 1159 1179 1226 Meuia
1193 1161 1369 1243 appellata,

264 1279 348 1328 anno
365 1264 424 1328 tet
437 1266 480 1328 de
497 1259 639 1329 unciario
659 1261 780 1326 itenere
799 1263 875 1326 data
894 1274 954 1325 est.
980 1261 1083 1328 Sedes
1104 1275 1208 1328 autem
1227 1259 1369 1338 uidetur,

264 1357 502 1442 inscriptionem
516 1378 574 1441 pte
588 1369 738 1439 corrupta
750 1358 888 1422 liaberet
902 1355 1009 1420 nescio
1022 1357 1121 1437 enim,
1135 1356 1207 1440 quid
1219 1356 1283 1422 sibi
1293 1359 1370 1422 velit

265 1461 416 1520 dissuasio
438 1461 475 1517 de
485 1459 684 1538 feneratione
704 1458 806 1539 Iegis.-
829 1458 964 1521 debebat
983 1457 1067 1520 enim
1089 1456 1193 1522 dicere
1212 1462 1368 1520 dissuasio

264 1559 341 1640 legis
359 1557 466 1618 Jontce
487 1557 525 1617 de
536 1560 748 1640 fineretione.
775 1553 812 1647 [a
825 1553 894 1620 lluc
914 1553 1094 1622 referendus
1118 1555 1241 1623 videtur
1264 1557 1372 1622 Livius

264 1659 397 1736 xxxtt,
410 1659 464 1732 27,
479 1657 551 1722 ulti:
568 1656 760 1733 seruantem,
772 1660 887 1742 iuquit,
905 1661 980 1722 Cato
997 1659 1151 1722 obtinebat
1170 1657 1219 1741 (in
1233 1663 1373 1742 praetura

264 1761 332 1824 scil.
344 1799 353 1837 5
364 1761 406 1824 tle
416 1781 476 1842 qua
485 1760 553 1822 Lis.
564 1760 609 1822 ib.
620 1781 650 1823 c.
658 1757 767 1838 tuse),
777 1769 897 1824 tunsae
908 1777 939 1822 et
949 1766 1108 1836 innocens,
1115 1765 1258 1842 ospedm
1266 1776 1370 1821 tamen

189 1899 193 1912 t
264 1859 418 1938 inseruere
427 1857 597 1917 coercenda
611 1855 967 1946 heblms,fisgeti'queetc
975 1855 1297 1937 lumbrfhuoretoresr
1309 1855 1371 1919 nisi

236 1973 239 1979 ·
265 1957 334 2036 quis
349 1953 452 2034 potius
465 1951 548 2016 hanc
561 1955 814 2018 orationemtum
825 1953 964 2018 habitam
975 1955 1070 2018 luisse
1081 1965 1179 2037 putet,
1193 1973 1263 2018 cum
1274 1955 1371 2016 multa

265 2055 300 2115 in
314 2053 508 2116 lenoratores
520 2055 639 2136 judicia
659 2077 767 2120 severe
789 2071 861 2120 sunt
879 2057 973 2136 iacta,
990 2054 1212 2118 accusantibus
1231 2052 1375 2138 privatos

265 2154 405 2218 edilibus
418 2157 590 2232 curulibus,
607 2159 650 2219 M.
660 2157 774 2222 Tuccio
793 2171 826 2221 et
843 2163 879 2222 P.
898 2159 993 2222 lunio
1012 2162 1110 2222 Bruto
1121 2152 1213 2242 (a.U.
1228 2155 1321 2240 tell:
1336 2177 1371 2219 v„

265 2251 335 2313 Liv.
347 2251 476 2346 XXXV,
489 2253 564 2314 41.»
575 2253 716 2315 Bolbuis.
729 2276 760 2338 p.
774 2250 864 2346 lta]

591 2420 644 2483 52.
667 2409 781 2482 onemo
797 2433 837 2482 ue
851 2412 896 2480 nr
917 2437 1036 2484 rioms.

208 2587 212 2598 ·
308 2567 468 2651 Quemeuo
479 2566 644 2652 inscriptio
653 2559 904 2652 sit-explicanda,
914 2582 981 2632 non
998 2569 1089 2634 laoile
1103 2569 1166 2633 dici
1176 2579 1294 2652 potest
1307 2571 1369 2632 Ne-

267 2685 326 2750 que
340 2669 576 2752 Popmaneque
596 2671 674 2732 bion
695 2671 792 2732 uerbo
817 2677 885 2731 'rem
906 2665 1089 2748 attigerunt.
1105 2671 1251 2750 Legimus
1267 2683 1371 2732 autem
1414 2703 1417 2710 ν

267 2769 348 2848 apud
361 2765 582 2843 Forccllinum,
606 2770 731 2829 uestes
747 2783 782 2830 ut
794 2765 926 2831 llorelis
940 2790 959 2831 a
974 2769 1066 2830 Flora
1087 2771 1290 2832 derivandum
1302 2788 1371 2832 esse

267 2876 300 2927 et
314 2866 358 2923 de
373 2880 410 2925 re
421 2866 533 2926 reae
547 2863 763 2946 accipiendum
785 2862 823 2928 de
841 2865 923 2930 ludis
937 2866 1121 2930 Floralibus.
1145 2869 1264 2932 Scimus
1285 2868 1371 2930 ludos

267 2959 406 3026 Florales
420 2967 544 3024 omrtetu
555 2963 750 3043 pudoremet
767 2964 942 3028 castitatem
955 2961 1100 3039 violasse,
1117 2965 1300 3047 plebemque
1316 2985 1371 3025 nu·

267 3060 314 3120 dis
334 3055 436 3119 mimis
451 3059 632 3121 delectatam
643 3059 745 3121 luisse.
768 3060 861 3124 Ovid.
876 3063 956 3122 Fast.
970 3063 1008 3138 V,
1026 3061 1098 3123 331.
1116 3063 1209 3124 Forte
1222 3061 1253 3121 id
1265 3073 1369 3123 autem

268 3153 394 3231 accidit,
411 3159 446 3216 ut
460 3155 495 3219 in
507 3156 688 3235 fragmentis
704 3155 857 3221 orationis
868 3149 1050 3222 Catoniana
1071 3162 1109 3221 de
1125 3159 1258 3221 crimine
1272 3158 1370 3239 impu·

264 3258 379 3322 diuitiae
402 3269 512 3336 agatur
529 3280 538 3320 z
555 3260 638 3320 unde
657 3273 884 3339 argumentum.
898 3258 964 3342 ejus
981 3263 1023 3322 ad
1043 3260 1129 3322 ludos
1155 3256 1231 3321 istos
1256 3255 1372 3321 relerri

264 3376 354 3438 poete
368 3354 469 3421 visum
483 3367 540 3416 est.
559 3356 701 3433 Accedit,
729 3359 810 3439 quod
825 3356 902 3421 Cato
923 3353 1085 3420 Uticensis
1099 3357 1275 3438 aliquando,
1299 3375 1370 3418 eum

264 3455 330 3520 ludi
343 3455 481 3524 Florales
497 3448 686 3538 inciperetis
703 3461 860 3520 theatrum
876 3454 1013 3537 reliquit,
1032 3458 1104 3538 quia
1127 3457 1244 3540 probus
1258 3469 1291 3519 et
1314 3465 1370 3538 pu-

267 3557 353 3620 dicus
366 3554 434 3632 luit,
450 3577 550 3638 neque
565 3560 649 3627 oeuli
663 3559 730 3642 ejus
743 3561 778 3626 id
792 3558 1003 3641 spectaculum
1018 3557 1185 3622 obscenum
1204 3555 1270 3641 pati
1283 3570 1372 3638 pote·

266 3667 357 3716 rant:
374 3677 405 3718 v.
416 3657 521 3720 Valer.
538 3659 619 3722 Max.
637 3661 681 3734 11,
701 3658 752 3732 10,
777 3662 807 3734 83
822 3659 941 3722 Seneca
955 3659 1056 3739 Epist.
1071 3659 1199 3724 XCVll.
1212 3657 1369 3740 Quamob-

232 3829 236 3836 .
265 3775 333 3818 rem
347 3756 548 3840 conjecerunt
558 3759 746 3840 interpretes
760 3749 858 3822 Gellii
872 3756 915 3820 lX
929 3805 937 3834 ,
957 3757 1008 3832 12,
1025 3772 1057 3822 et
1069 3759 1191 3838 Gierig.
1208 3759 1248 3820 ad
1262 3753 1370 3822 Ovidii

265 3856 347 3918 Fast.
367 3861 409 3932 V,
427 3856 503 3932 331,
516 3859 665 3922 Catonem
686 3859 868 3924 Uticensem
881 3857 997 3920 librum
1020 3861 1071 3922 vel
1084 3861 1259 3922 orationem
1281 3857 1368 3916 dere

264 3957 369 4020 Floria
389 3956 455 4019 sive
481 3957 519 4017 de
539 3957 619 4018 ludis
637 3956 815 4021 Floralibus
838 3958 1011 4039 scripsisse.
1033 3959 1106 4033 Sed,
1133 3959 1159 4020 si
1185 3959 1369 4023 hocverum

264 4070 358 4133 esset,
374 4055 493 4122 Gellius
510 4067 543 4116 et
554 4057 670 4118 Nonius
684 4053 871 4121 nominatim
895 4054 1078 4126 Uticensem
1091 4058 1242 4122 Catonem
1256 4058 1290 4119 iu
1305 4058 1371 4120 lau-

178 4211 181 4218 .
265 4147 345 4220 datis
358 4153 541 4235 fragmentis
561 4155 767 4237 appellassent
784 4177 793 4216 ε
810 4159 960 4242 quomodo
982 4160 1066 4222 enim
1086 4159 1220 4221 lectores
1239 4159 1324 4218 bunc
1350 4175 1369 4221 e
