2916 4838
619 367 687 438 959

76 509 124 568 ad
143 527 271 569 cansam
297 518 435 568 nostram
451 517 670 568 converteram
689 525 697 563 ε
716 514 790 564 tune
804 502 975 564 admiscere
998 501 1070 562 hnic
1090 503 1199 580 generi

71 601 247 667 orationis
267 603 446 664 vehementi
470 615 564 684 etque
587 602 689 665 atroei
708 620 805 682 genus
825 599 900 661 iliud
914 599 1061 674 aiterum,
1079 600 1117 660 de
1139 621 1199 680 quo

2 771 4 778 y
74 716 168 766 ante
184 703 352 784 disputavi,
370 699 511 765 lenitatis
531 716 564 765 et
581 696 828 764 mansuetndinis
854 697 959 781 eoepit
988 717 1038 760 me
1062 717 1121 779 pro
1134 718 1202 762 meu

72 798 205 879 sodali,
238 803 291 884 qui
315 801 392 865 mibi
416 803 450 864 in
474 804 609 866 liberum
635 805 704 896 lpeo
723 820 810 864 more
835 801 988 882 majerum
1012 819 1084 863 esse
1107 801 1200 863 debe·

72 919 150 976 ret,
171 917 203 966 et
216 925 275 986 pre
293 923 361 966 mee
375 902 459 967 omni
475 905 554 967 farne
577 925 676 987 prope
696 899 889 982 fortunisque
904 903 1076 966 decernere
1097 900 1201 962 znihil

69 1002 169 1063 mihi
181 1002 221 1062 ad
234 997 495 1064 existimationem
509 999 643 1084 turpius,
660 997 790 1088 nihiiad
805 999 943 1062 dolerem
956 997 1103 1062 acerbius
1114 995 1198 1060 acei-

69 1105 167 1175 dere
181 1121 281 1182 posse,
305 1101 443 1182 quamsi
464 1101 501 1177 is,
524 1102 577 1183 qui
600 1120 680 1184 saepe
698 1095 898 1194 alienissimis
919 1119 938 1160 a
959 1117 1019 1171 me,
1043 1100 1098 1160 sed
1122 1099 1201 1160 meis

71 1213 196 1263 tamen
219 1198 353 1273 civibus,
379 1201 472 1263 saluti
486 1195 687 1264 existImarer
700 1197 804 1273 fuisse,
833 1198 931 1262 sodali
961 1216 1029 1258 meo
1055 1194 1202 1260 auxilium

74 1301 175 1362 I'erre
192 1318 254 1361 non
265 1297 444 1382 potuissem.
459 1298 609 1362 Petebam
623 1293 825 1380 ejudicibus,
841 1306 875 1356 ut
890 1291 967 1358 illud
977 1291 1062 1356 retati
1072 1313 1158 1368 mem,
1169 1308 1203 1355 ut

73 1392 272 1472 honoribus,
290 1410 326 1458 nt
339 1396 434 1459 rebus
448 1397 555 1476 gestis,
575 1397 602 1460 si
621 1393 718 1478 justo,
733 1392 762 1456 si
781 1395 833 1477 pio
851 1390 958 1454 dolore
983 1411 1032 1453 me
1049 1411 1116 1454 esse
1130 1391 1202 1454 asie·

75 1509 174 1560 etum
189 1499 346 1572 viderent,
362 1500 594 1578 concederent;
615 1493 790 1580 presertim
806 1495 880 1558 siin
895 1491 1082 1556 aliiseausis
1110 1491 1201 1556 intel·

74 1592 249 1670 Iexissent,
264 1593 369 1659 omnia
386 1616 435 1659 ure
449 1617 572 1681 semper
592 1615 651 1680 pro
673 1596 847 1658 amicornm
860 1590 1021 1677 perieulis,
1042 1590 1120 1654 nihii
1147 1610 1202 1654 nn·

77 1711 183 1772 mam
199 1711 258 1774 pro
273 1693 402 1775 meipso
415 1694 625 1776 deprecatum.
646 1685 747 1780 [adde
763 1711 792 1754 c.
810 1691 863 1765 21,
882 1693 941 1764 893
958 1689 1012 1763 tt,
1031 1690 1110 1763 1943
1127 1691 1198 1751 Vei.

76 1794 174 1854 Max.
193 1793 280 1865 VIII,
299 1794 329 1869 5,
347 1792 388 1868 23
406 1795 519 1856 Asson.
537 1791 680 1855 adverr.
695 1793 738 1866 II,
759 1791 792 1851 ll
807 1817 816 1867 ς
830 1791 937 1870 Sigon.
957 1787 1005 1850 De
1013 1786 1139 1868 judiciis
1156 1793 1199 1862 II,

78 1888 137 1962 29,
172 1907 205 1968 p.
235 1887 313 1949 1777
331 1888 394 1951 rol.
415 1891 442 1949 II
461 1885 611 1950 Thesauri
628 1884 801 1952 Graeriani.
828 1885 975 1951 Ceterum
990 1882 1081 1968 hujus
1096 1886 1201 1948 deren-

76 1985 184 2051 sionis
197 1987 328 2050 Inrtusse
343 1989 528 2072 particulam
542 2009 592 2071 ap.
610 1991 702 2051 Auet.
720 1988 759 2050 ad
775 1989 919 2050 Herenn.
938 1989 993 2062 tv,
1011 1986 1065 2060 46,
1083 1987 1201 2069 reperi-

79 2111 168 2152 mus.
187 2083 333 2177 Ellendt]

385 2257 416 2316 t.
438 2275 549 2320 enarro
572 2277 628 2320 rao
648 2278 681 2320 sn
704 2278 779 2322 rnna
801 2277 906 2324 vaura.

115 2423 213 2512 -Acta
226 2442 320 2487 eausa
335 2435 383 2486 est
392 2443 423 2486 a.
440 2425 480 2488 tJ.
497 2423 571 2486 662.

126 2517 200 2580 Cic.
216 2519 339 2582 Tuscrd.
355 2522 401 2590 11,
418 2517 470 2588 24,
487 2519 526 2580 57
543 2519 655 2582 :Genu
669 2538 717 2580 me
730 2519 865 2581 Hercule
881 2519 923 2578 M.
939 2518 1111 2581 Antonium
1122 2520 1196 2594 vidi,

85 2635 160 2678 cum
173 2627 321 2678 contente
335 2635 394 2698 pro
409 2636 442 2678 se
456 2615 521 2698 ipse
536 2616 604 2696 lege
617 2611 716 2680 Varia
729 2613 860 2687 diceret,
878 2627 995 2676 terram
1008 2625 1136 2693 tangere

318 2795 350 2858 8.
372 2813 563 2860 enarrarre
587 2817 620 2860 r.
650 2815 750 2860 usuro
772 2815 969 2859 nnarrnrauo.

127 2969 201 3031 Cic.
218 2966 358 3033 neotus.
375 2970 433 3044 III,
453 2969 511 3047 16‚·
521 2969 560 3032 67
575 2991 583 3030 r
596 2970 640 3031 Μ.
655 2966 773 3031 Marius
783 2965 990 3034 Gratidianus
1004 2968 1195 3049 propinquus

89 3077 199 3127 nester
222 3063 260 3128 G.
285 3065 396 3146 Sergio
418 3067 524 3131 Orate
543 3067 728 3131 vendiderat
747 3068 828 3129 tedes
849 3085 912 3142 eas,
939 3085 1015 3148 quas
1035 3063 1195 3129 abeodem

87 3163 153 3246 ipse
167 3165 277 3248 paneis
290 3178 362 3228 ante
377 3167 468 3230 annis
485 3180 621 3231 emerat.
635 3169 691 3229 11ae
704 3165 908 3251 serviebantr
924 3167 979 3227 sed
993 3165 1052 3228 hue
1063 3166 1095 3226 in
1110 3185 1195 3227 marr·

89 3259 174 3346 eipiu
188 3265 382 3327 Mariusnon
402 3265 696 3329 dixeratddducta
714 3285 765 3327 res
777 3265 812 3326 in
823 3262 973 3347 judicium
988 3277 1045 3327 est.
1062 3263 1193 3328 Oratam
1224 3253 1288 3330 146

88 3359 229 3436 Crassus,
244 3359 466 3427 Gratidianum
490 3362 676 3426 defendebat
690 3361 855 3434 Antonius.
875 3363 933 3426 Ius
953 3360 1084 3427 Crassus
1101 3379 1191 3438 urge·

90 3456 166 3522 bat:
183 3462 264 3540 quod
280 3459 350 3524 vitii
371 3461 516 3524 venditor
541 3481 603 3526 non
618 3461 742 3524 dixisset
759 3457 873 3537 seiens,
899 3461 933 3524 id
945 3472 1090 3543 opertere
1113 3477 1189 3540 prae·

89 3558 179 3632 atatis
190 3560 364 3640 aequitatem
383 3559 557 3624 Antoniusr
574 3556 724 3642 quoniam
745 3557 779 3623 id
796 3559 907 3622 vitium
929 3559 1068 3640 ignotum
1084 3557 1194 3638 Sergio

91 3674 156 3718 nnn
169 3655 290 3732 inisset,
306 3657 359 3739 qui
374 3657 443 3720 iIIas
455 3659 536 3720 ades
549 3654 750 3732 vendidisset,
768 3653 847 3720 nihii
861 3654 956 3720 inisse
973 3675 1100 3718 necesse
1117 3655 1191 3730 dici,

91 3773 149 3817 nee
167 3775 238 3819 enm
252 3774 320 3818 esse
340 3757 512 3839 deceptum,
533 3752 649 3840 quiid,
671 3755 753 3837 quud
771 3768 901 3830 emerat,
923 3773 983 3837 quo
1005 3751 1076 3835 jure
1095 3767 1189 3827 esset,

93 3861 223 3914 teneret.
544 3861 550 3873 ’

54 4111 60 4124 ·
133 4081 299 4146 Mentesani
312 4081 457 4144 videntur
471 4096 622 4164 preterea
637 4104 655 4144 a
668 4081 822 4164 Cicerone
836 4083 885 4144 De
898 4093 979 4144 orat.
992 4075 1033 4155 tl,
1048 4081 1099 4149 28,
1114 4077 1189 4148 125,

96 4184 223 4241 Antonii
243 4181 435 4264 defensiones
455 4184 509 4242 Cn.
534 4185 648 4245 Manlii
665 4197 696 4246 et
713 4185 753 4266 Q.
775 4183 890 4243 Mureti
914 4182 1020 4260 Regis.
1043 4182 1190 4242 Attamen
