2954 4840
339 515 385 550 sus
399 497 460 562 fuit,
472 510 513 550 ut
528 498 604 550 modo
617 499 686 564 dixi,
705 497 790 551 Pollio
802 499 1002 570 grammaticus,
1019 494 1097 568 cujus
1112 495 1234 550 libellum
1248 500 1307 571 περὶ
1321 508 1370 555 νῶν

338 580 408 652 παρὰ
419 582 523 655 γράμμα
533 585 733 654 ἁμαρτανομένων
749 581 844 636 Suides
853 581 945 638 laudat
952 601 979 638 v.
993 579 1092 633 Πωλὶων
1102 581 1225 636 illelius.
1234 581 1371 638 Eumtlem

340 670 394 722 sive
403 668 485 722 alium
498 670 634 740 quemdam
647 669 843 742 grammaticum
857 667 972 740 respexit
987 666 1124 720 Charisius
1138 687 1166 739 p.
1184 669 1237 720 64:
1252 670 1327 722 Puer
1340 679 1369 724 ct
1451 656 1454 665 ⁵

338 749 495 821 tirfemsiu'no
503 771 568 804 sexu
580 750 686 822 anthlut'
693 749 809 804 dibebant
818 758 850 803 ut
865 749 955 806 Graeci
963 753 974 803 ὁ
987 753 1056 814 παῖς,
1064 763 1091 802 et
1099 751 1119 820 Ιὴ
1128 754 1194 814 παῖς,
1206 759 1237 804 ut
1252 751 1279 804 in
1289 745 1371 808 Nelei
1455 783 1457 793 ·

337 833 446 886 emmens
460 835 628 906 eoqueprt'sw
641 836 735 888 Saucia
747 852 815 906 puer
827 833 883 887 iilia
896 852 1006 896 sumam,
1028 832 1075 884 ubi
1083 846 1166 886 tamen
1180 836 1266 888 Varro
1279 857 1365 908 puera
1455 890 1458 901 ,

330 927 415 991 putat
427 920 535 982 ditum,
550 922 598 974 sed
611 921 703 974 AEtrus
720 921 800 982 Stilo,
817 919 939 994 magister
960 921 1027 994 ejus,
1045 926 1071 971 et
1093 921 1202 973 Asinius
1214 931 1317 976 contra.
1330 956 1364 966 -
1455 906 1458 933 ¹

336 1005 466 1072 Pollione,
477 1009 644 1079 grammatico
656 1009 761 1072 Latino,
774 1027 839 1061 usus
848 1021 890 1060 est
897 1008 1001 1059 Marcus
1011 1007 1164 1060 Antoninus
1170 1007 1363 1082 philosophus:

335 1113 361 1146 v.
372 1093 431 1145 Jul.
441 1091 584 1166 Capitolin.
597 1095 625 1146 in
637 1095 675 1148 ll.
689 1096 752 1148 Ant.
765 1094 866 1168 philos.
877 1113 901 1147 c·
913 1095 939 1148 2.

308 1225 441 1310 Quintil.
461 1229 516 1304 IX,
532 1231 563 1307 4,
582 1232 641 1294 ts:
665 1229 787 1293 Senarii
801 1228 902 1292 minus
925 1241 998 1291 sunt
1023 1229 1184 1305 notabiles,
1210 1230 1280 1311 quia
1302 1233 1363 1294 hoc

264 1345 359 1406 genus
373 1327 509 1388 sermoni
524 1327 696 1410 proximum
711 1338 767 1387 est.
784 1328 892 1409 Itaque
905 1341 937 1388 et
948 1345 1056 1388 versus
1069 1327 1102 1386 hi
1123 1327 1188 1389 lere
1202 1329 1362 1404 excidunt,
1460 1382 1461 1388 ,

264 1442 340 1502 quos
353 1424 465 1484 Brutus
476 1424 541 1504 ipso
561 1423 768 1506 componendi
782 1423 881 1486 studio
896 1424 1004 1486 duetus
1018 1421 1183 1506 saepissime
1197 1423 1282 1499 iacit,
1302 1447 1363 1486 non

264 1545 336 1584 raro
346 1523 486 1599 Asinius,
499 1525 553 1586 sed
567 1525 661 1586 etiam
675 1521 786 1588 Cicero
801 1543 1031 1606 nonnunquam.

303 1625 349 1684 Id.
367 1625 396 1700 I,
413 1625 445 1704 8,
467 1625 525 1685 102
541 1625 657 1688 Summi
669 1639 809 1687 oratores
823 1638 966 1688 veterum
980 1607 1121 1707 poemata
1142 1627 1193 1687 vel
1207 1627 1244 1686 ad
1267 1625 1362 1688 fidem
1459 1652 1463 1668 ·

263 1739 425 1783 causarum
445 1723 495 1784 vel
510 1724 549 1785 ad
567 1735 788 1785 ornamentum
802 1722 985 1804 eloquentiae
1007 1735 1174 1784 assumunt.
1195 1724 1271 1786 Nam
1284 1743 1361 1806 pne·

262 1822 351 1903 cipue
365 1824 487 1905 quidem
503 1825 584 1909 apud
594 1823 791 1898 Ciceronem,
809 1825 990 1904 frequenter
1002 1835 1106 1884 tamen
1122 1824 1201 1904 apud
1215 1825 1360 1884 Asinium

260 1921 396 1982 etiamet
411 1935 543 1994 ceteros,
561 1917 614 2002 qui
628 1934 699 1982 sunt
713 1921 860 2002 proximi,
875 1920 1007 1982 vidimus
1017 1920 1111 1998 Enni,
1125 1920 1211 1993 Acci,
1229 1921 1357 1995 Pacuvi,

260 2017 373 2090 Lucili,
391 2019 530 2091 Terenti,
545 2017 650 2080 cecili
666 2031 697 2078 et
711 2014 843 2079 aliorum
856 2019 954 2080 inseri
968 2037 1074 2080 versus
1084 2038 1201 2080 summa
1212 2037 1276 2080 non
1285 2038 1357 2080 eru·

261 2113 387 2174 ditionis
400 2116 491 2175 modo
505 2115 617 2192 gratia,
634 2115 687 2176 sed
701 2114 795 2176 etiam
806 2111 1020 2195 jucunditatis.

232 2217 236 2224 '
278 2213 281 2221 '
301 2215 385 2275 Plin.
404 2217 462 2296 Ep.
479 2216 599 2290 v1,29‚
618 2217 649 2290 5,
666 2213 776 2276 scribit
793 2217 879 2278 :Sed
897 2229 930 2277 et
942 2216 1032 2289 illud,
1053 2218 1133 2298 quod
1146 2217 1195 2279 vel
1208 2217 1359 2281 Pollionis

260 2315 310 2376 vel
324 2327 472 2397 tanquam
494 2314 643 2378 Pollionis
657 2315 773 2398 accepi,
796 2314 987 2379 verissimum
1005 2319 1170 2401 experior:
1190 2319 1361 2379 Commode·

258 2417 374 2494 agendo
378 2418 506 2496 fisclum
515 2431 573 2486 est,
586 2431 618 2476 ut
630 2435 713 2494 scepe
722 2436 867 2496 agerem:
883 2437 968 2495 soepe
981 2421 1112 2498 agendo,
1124 2433 1153 2476 ut
1166 2421 1263 2477 nunus
1273 2401 1364 2479 comss

258 2514 361 2574 mode.

447 2702 680 2774 LXXXVIII.
710 2702 751 2772 L.
779 2697 928 2770 Manlius
954 2701 1164 2796 Torquatus.

301 2911 332 2969 ls
354 2921 411 2984 est,
430 2905 469 2970 ad
482 2927 572 2989 quem
594 2906 742 2970 Horatius
756 2911 887 2972 Carmen
902 2903 1006 2972 Tlibri
1026 2908 1082 2984 tv,
1108 2923 1139 2972 et
1153 2911 1354 2994 Epistolami

254 3006 329 3070 libri
344 3011 357 3070 1
374 3009 507 3093 scripsit,
524 3011 557 3072 in
572 3003 770 3093 qualegimus
786 3033 794 3072 ε

413 3158 494 3210 Mitte
503 3159 569 3211 leves
578 3177 635 3228 spes
643 3165 670 3211 et
682 3153 823 3212 certatnr'na
832 3159 986 3223 diuitiarum,

417 3246 456 3296 Et
468 3244 571 3298 Moschi
577 3263 692 3301 samm.

234 3385 302 3445 .Αά
322 3403 392 3447 eum
414 3385 515 3448 locum
534 3385 568 3446 in
588 3385 736 3448 Auctario
760 3384 1019 3448 commentatoris
1038 3377 1153 3448 veteris
1173 3405 1191 3446 a
1215 3387 1352 3468 Cruquic

253 3483 328 3543 editi
349 3484 573 3562 Lugduni-Bet.
599 3483 677 3548 1597
701 3503 734 3565 p.
751 3481 811 3548 692
837 3485 902 3547 hoec
921 3479 1078 3544 adnotatio
1105 3481 1267 3565 pertinet:
1284 3485 1350 3544 Mo·

252 3579 340 3642 scius
354 3581 404 3642 iric
424 3583 635 3663 Pergamenus
645 3580 746 3641 rhetor
750 3584 818 3662 fnit
831 3585 1016 3656 notissimus,
1037 3601 1109 3642 reus
1122 3575 1350 3664 venaesficiiifnr't,

250 3677 341 3762 cujus
360 3702 486 3744 causam
509 3684 667 3760 exprimit.
687 3682 773 3740 Hanc
794 3697 931 3741 oratores
950 3697 1076 3760 egerunt
1099 3679 1348 3768 Torqrmtns'hic,

250 3785 287 3842 de
308 3802 367 3866 quo
386 3805 463 3844 nunc
477 3787 559 3858 dicit,
577 3781 663 3870 cujus
681 3791 782 3844 exstat
798 3787 908 3855 oratio,
922 3795 951 3840 et
965 3783 1096 3844 Asinius
1105 3783 1218 3845 Pollio·

154 3926 224 4000 219
294 3885 482 3963 Torquatum
492 3899 638 3970 nepotem
653 3882 718 3966 ejus
727 3905 804 3964 esse,
822 3903 881 3964 quo
899 3883 1025 3948 consule
1039 3882 1185 3948 Horatius
1200 3897 1352 3947 natusest

253 3979 300 4063 (a.
324 3985 364 4050 U.
384 3982 473 4068 688),
497 3983 677 4046 Sanadonus
703 3980 791 4059 dicit,
818 3981 1031 4046 Thorbeckius
1049 3999 1151 4047 autem
1170 3983 1218 4046 De
1239 3981 1350 4046 Asinio

248 4084 387 4147 Pollione
408 4104 439 4167 p.
458 4084 496 4147 tt
514 4086 702 4166 Torquatum
724 4081 820 4144 filium
841 4081 926 4144 illius
941 4085 1088 4168 appellat,
1106 4075 1257 4167 quemque
1271 4085 1350 4146 adeo

248 4182 396 4246 Horatius
422 4203 510 4244 suum
536 4182 656 4245 vocarit
680 4183 778 4265 Epodi
809 4201 875 4259 xm,
902 4183 1036 4266 6(male
1063 4184 1285 4264 interpretatus
1301 4195 1348 4244 est
