2934 4846
634 344 679 416 29

122 495 225 562 specta
239 483 382 548 Africani
400 499 499 558 morte
514 485 635 548 annet.
657 487 737 550 Nam
748 503 803 546 suo
819 499 905 544 more
915 481 956 542 ad
974 479 1069 542 bonos
1082 477 1207 542 rediisse

119 576 294 642 Carbonem
310 581 422 643 Cicero
436 582 526 646 dixit.
542 585 579 646 L.
595 601 670 646 sane
682 579 839 664 Opimium
857 600 877 640 a
894 580 930 640 P.
945 577 1042 640 Decio
1055 577 1129 640 trib.
1148 577 1206 659 pl,

119 681 199 760 qnod
219 680 414 746 indemnatos
434 684 606 758 occidisset,
632 682 997 765 majestatispostulatmn
1011 677 1164 750 defendit,
1178 691 1210 739 et

119 789 152 838 ut
172 779 387 842 absolveretur
399 781 505 844 evicit.
527 783 589 847 Sed
608 795 643 843 ut
656 782 707 844 hie
727 781 787 844 alia
803 782 838 843 in
857 799 950 842 causa
963 777 1092 840 meritas
1105 793 1211 856 poenas

118 877 215 955 dedit,
234 879 280 942 ita
297 879 465 944 Carbonem
477 901 517 944 ne
529 882 660 945 delectio
675 883 796 963 quidem
811 900 830 942 a
843 878 984 962 populari
1002 877 1127 940 ratione
1145 893 1209 938 ser·

118 998 195 1042 vare
205 983 314 1062 potuit.
329 982 451 1065 Quippe
464 984 589 1046 vixdum
602 984 782 1062 magistratu
801 982 933 1053 abierat,
946 1002 1014 1045 cum
1024 1001 1043 1044 a
1052 982 1088 1042 L.
1098 978 1211 1044 masso

118 1079 310 1144 adolescente
324 1097 487 1146 accusatus
506 1096 566 1155 est,
581 1096 614 1144 et
628 1095 746 1144 certam
758 1081 985 1143 damnationem
1009 1082 1117 1143 videns
1138 1097 1211 1142 can·

116 1175 256 1239 tharidas
267 1179 409 1260 sumpsit.
421 1179 493 1240 Non
503 1175 708 1258 improbabile
729 1191 791 1250 est,
810 1175 1012 1240 Gracchanos
1028 1175 1148 1257 judices
1165 1173 1212 1236 sic

116 1277 285 1355 punivisse,
301 1280 382 1359 quod
400 1297 487 1340 suam
506 1297 628 1340 eausam
644 1297 742 1360 nuper
757 1275 952 1340 deseruisset.
970 1279 1013 1340 Vs
1028 1275 1094 1338 Cic.
1115 1277 1207 1353 legg.

116 1371 176 1447 ΙΙΙ,
195 1373 255 1448 19,
277 1375 356 1456 Epp.
373 1376 412 1436 ad
429 1375 512 1436 divv.
526 1374 582 1450 ΙΙΙ,
611 1373 664 1449 21,
685 1376 772 1438 Brut.
794 1394 823 1436 c.
846 1374 900 1436 27.
921 1372 1056 1436 Dissidet
1069 1370 1213 1434 Valerius

116 1472 269 1536 Maximus
283 1476 339 1551 ΙΙΙ,
358 1477 387 1550 ’1,
412 1476 444 1550 6,
461 1476 496 1538 in
515 1475 656 1538 exsilium
679 1476 790 1538 abiisse
813 1495 958 1539 nameus.
983 1474 1043 1538 Sed
1058 1472 1213 1536 manifesti
1277 1459 1281 1465 ¹

118 1570 234 1642 erroris
247 1571 378 1634 aliorum
396 1573 520 1636 testium
533 1591 683 1636 consensu
696 1574 896 1652 coarguitur,
921 1573 974 1651 qui
996 1583 1127 1634 mortem
1144 1589 1211 1632 cer·

117 1678 180 1726 tam
199 1670 463 1741 ostendentes‚-de
476 1669 584 1734 mortis
597 1689 711 1750 genere
727 1669 900 1748 ambigunt,
925 1669 1006 1748 quod
1026 1667 1211 1749 necopinato

117 1773 150 1824 et
161 1763 310 1828 celeriter
324 1767 495 1828 exstinctus
509 1779 568 1828 est.

162 1864 214 1926 22.
237 1867 273 1927 ln
292 1866 351 1928 hoc
374 1867 444 1930 viro
460 1887 568 1931 rursus
581 1868 718 1931 dolorem
738 1866 933 1941 confitemur,
948 1867 1029 1947 quod
1051 1866 1103 1926 vix
1116 1864 1211 1931 tdlnm

117 1976 172 2024 aut
190 1966 400 2030 testimonium
421 1979 475 2030 aut
488 1969 705 2030 documentum
718 1967 801 2031 aliud
815 1968 854 2029 de
866 1966 1009 2029 laudibus
1022 1963 1089 2048 ejus
1109 1975 1212 2027 orato·

116 2064 175 2126 riis
185 2077 295 2128 exstet.
316 2064 371 2152 [V.
386 2067 425 2128 fr.
444 2087 476 2149 p.
500 2067 560 2128 110
574 2062 657 2155 sqq]
681 2066 810 2145 Ingenio
832 2078 937 2130 autem
955 2084 1101 2143 magnum
1119 2064 1212 2126 briss

105 2163 157 2227 'ex
169 2166 266 2235 Bruto
283 2165 487 2230 Ciceroniano
505 2188 535 2229 c.
545 2214 549 2222 .
560 2169 599 2230 2Ι
620 2168 694 2229 licet
707 2167 866 2246 colligere.
883 2169 962 2229 Nam
985 2185 1055 2228 cum
1071 2166 1213 2228 Porsinae

117 2262 241 2326 auditor
251 2262 356 2326 tusses
369 2262 429 2346 (ib.
447 2285 477 2328 c.
489 2265 564 2348 25),
579 2267 675 2328 multa
683 2266 906 2330 exercitatione
920 2264 1130 2338 confirmatus,
1147 2275 1212 2324 tum

117 2360 315 2425 vehementia
329 2361 461 2424 actionis
479 2375 512 2424 et
533 2380 650 2424 canora
669 2375 701 2424 et
724 2361 894 2444 profluente
912 2361 1080 2425 verborum
1093 2357 1213 2423 volubi-

116 2455 205 2520 litate
218 2455 383 2532 (Deerat.
396 2461 424 2533 l,
440 2461 457 2520 Ι
471 2461 495 2544 ),
508 2471 575 2522 tum
591 2460 818 2522 commovendis
829 2460 1031 2540 mundisque
1043 2458 1139 2520 animi
1150 2475 1213 2519 mo·

117 2555 202 2619 tibus
222 2555 414 2624 admirabilis
430 2556 539 2618 evasit.

159 2654 221 2716 Sed
234 2653 333 2720 literis
343 2667 375 2718 et
383 2654 486 2736 patrio
497 2656 592 2719 etiam
606 2673 692 2718 more
705 2653 816 2736 etjure
830 2673 939 2736 parum
963 2653 1114 2716 imbutum
1124 2652 1214 2714 luisse

118 2765 240 2819 certum
266 2765 313 2818 est
331 2751 422 2836 (Cic.
444 2755 492 2816 De
514 2767 594 2818 orat.
611 2756 638 2825 Ι,
666 2754 716 2825 10,
736 2754 806 2836 40).
831 2755 922 2836 Quod
946 2755 984 2816 de
1008 2753 1046 2818 C.
1071 2751 1215 2816 Carbone

118 2854 213 2916 etiam
235 2855 270 2919 iu
286 2853 489 2919 tabernaculo
503 2854 682 2935 quotidiana
707 2853 875 2935 scriptione
888 2867 1038 2937 occupato
1050 2853 1214 2936 Quintilia-

117 2971 177 3016 nus
191 2951 282 3014 allert
302 2954 341 3028 X,
369 2954 401 3026 l,
424 2953 476 3027 27,
500 2964 607 3015 nostro
623 2950 740 3036 injuria
761 2953 859 3014 tribui
885 2964 971 3015 recte
995 2951 1214 3015 animadvertit

116 3048 330 3134 Spaldingius3
347 3072 419 3118 nam
440 3055 523 3116 hunc
540 3053 659 3116 bellicis
672 3053 765 3116 nebris
777 3073 903 3116 vacasse
923 3073 1071 3134 nusquam
1086 3049 1212 3131 legitur.

122 3144 345 3236 [Nihilominus
367 3150 574 3232 probabiliter
588 3153 627 3215 de
644 3163 751 3214 nostro
765 3151 898 3230 intelligi
916 3152 1017 3215 locum
1028 3150 1215 3233 Quintiliani

117 3247 246 3330 exponit
267 3250 434 3312 Westerm.
455 3270 487 3331 p.
507 3249 548 3314 88
575 3247 638 3338 sq]
657 3249 718 3312 Sed
736 3247 845 3312 Caium
866 3269 924 3330 pro
948 3248 1040 3312 Gneo
1069 3247 1214 3312 Carbone

118 3353 170 3404 ter
184 3344 268 3409 Cos.
281 3342 448 3408 aberrame
470 3341 620 3408 memoria
649 3343 875 3427 Quintilianum
901 3345 1013 3407 dixisse
1035 3364 1098 3408 uon
1117 3343 1215 3422 magis

118 3439 281 3524 probabile
304 3453 368 3519 θεῖς
390 3461 467 3506 uam
483 3443 567 3507 hune
584 3462 692 3504 rursus
711 3442 892 3524 eloquentiae
910 3440 1059 3504 studuisse
1079 3461 1142 3506 uon
1168 3453 1215 3500 est

118 3537 277 3604 traditum.
309 3539 507 3622 Relinquitur
529 3538 625 3620 igitur
644 3553 677 3614 ut
697 3543 730 3602 G.
757 3542 879 3623 quidem
901 3541 1076 3606 Carbonem
1102 3539 1214 3618 eogita-

118 3641 199 3704 vem't
218 3640 440 3724 Quintilianus,
464 3644 519 3706 sed
542 3663 647 3704 rerum
664 3645 866 3708 castrensium
893 3640 1228 3708 commemorationem

118 3738 178 3806 Cn.
194 3740 344 3810 Cerberus
358 3741 492 3821 imagine
514 3741 699 3806 obversante
715 3742 842 3808 fortuite
862 3741 1073 3808 admiscuerit.
1094 3745 1214 3806 Auctor

119 3839 242 3917 Dialogi
255 3841 303 3902 De
325 3851 418 3902 oratt.
435 3859 464 3902 c.
492 3837 542 3912 18,
559 3837 605 3910 nil
624 3839 684 3902 nisi
703 3859 815 3904 nornen
828 3839 895 3921 ejus
908 3840 993 3902 iuter
1006 3851 1127 3906 veteres
1146 3863 1213 3904 ora·

118 3949 203 4003 tores
215 3952 370 4004 recenset.

162 4039 213 4102 23.
236 4040 278 4103 At
288 4061 377 4104 nemo
387 4041 447 4104 hae
457 4053 547 4105 aetate
560 4041 736 4104 uberiorem
748 4040 807 4103 sibi
817 4040 949 4120 gloriam
962 4044 1103 4125 quaesipit
1122 4061 1212 4123 quam

121 4137 182 4200 duo
203 4137 347 4214 Gracchi,
363 4140 397 4204 iu
413 4140 524 4221 quibus
541 4153 645 4203 mmen
657 4139 732 4204 illud
753 4158 858 4202 rursus
872 4143 991 4215 evenit,
1010 4154 1043 4202 ut
1057 4137 1155 4216 major
1170 4135 1211 4196 al·
