2954 4840
104 538 254 609 seniores,
274 539 383 620 quibus
404 540 534 604 otiosum
556 554 614 613 est,
635 551 745 604 vetera
767 550 801 599 et
820 537 986 620 presentia
1006 545 1205 615 contendere.

104 637 238 719 primum
251 656 291 699 cx
305 635 356 715 iis,
373 636 426 720 ‹pui
441 657 547 700 rerum
559 635 653 720 potiti
666 647 789 711 essent,
807 636 963 698 Neronem
978 636 1088 698 aliene
1105 638 1211 703 locun·

106 731 166 796 die
177 735 337 814 eguisse...
361 737 446 797 Nero
458 735 629 817 puerilibus
642 735 746 798 statim
760 730 854 796 suuis
867 731 1003 796 vividum
1017 734 1155 798 animum
1177 739 1211 800 in

106 833 171 896 elie
181 833 324 904 detorsit,
335 833 460 906 ceum,
473 833 615 917 pingere,
628 846 737 896 cantus
748 845 801 893 11111
811 828 952 908 regimen
966 851 1115 913 equorum
1127 853 1213 898 exer·

106 951 191 1008 cere,
208 945 240 995 et
260 934 428 1014 abquendo
451 931 643 998 carminibus
664 931 838 1016 pangendis
856 933 958 994 inesse
979 934 1039 997 sibi
1060 933 1214 999 elementa

109 1028 258 1094 doctrine
270 1031 462 1094 ostendebat.

439 1291 530 1364 CVI.
561 1290 695 1363 Vibius
710 1290 879 1387 Crispus.

156 1547 204 1610 Dc
224 1546 285 1609 boc
307 1560 432 1616 oratore
454 1545 565 1610 multos
583 1557 724 1608 veterum
747 1544 831 1606 locos
852 1545 976 1626 collegit
994 1547 1162 1630 Rupertius
1182 1543 1222 1611 ad

113 1645 257 1706 Juvenal.
270 1645 338 1720 Sat.
351 1646 408 1720 lV,
422 1643 474 1706 st.
553 1641 563 1662 '

154 1738 257 1804 Tacit.
269 1737 352 1802 {iist-
365 1741 408 1811 ll,
425 1739 483 1800 10:
502 1739 611 1800 Vibius
623 1737 755 1820 Crispus
768 1740 912 1820 pecunia,
927 1743 1077 1821 potentia,
1097 1743 1223 1822 ingenio
1249 1742 1322 1815 213

113 1840 199 1902 inter
210 1838 311 1902 claros
322 1836 422 1916 magis
431 1853 522 1918 quum
532 1834 886 1909 interbonos,Ann1'um
894 1835 1060 1913 Faustum,
1071 1839 1224 1919 equestris

115 1935 248 2010 ordinis,
259 1931 517 2017 qni'temporibus
529 1931 663 1996 Neronis
673 1932 844 1998 delationes
853 1931 1061 2008 lectitassent,
1071 1937 1114 1994 ad
1125 1943 1225 2018 cogru-

115 2043 235 2113 pouem
250 2049 372 2096 senatus
386 2034 528 2094 vocabu

160 2136 244 2202 Diti.
269 2139 317 2200 De
342 2149 436 2199 oratt.
463 2155 494 2198 c.
519 2135 558 2198 8:
585 2133 693 2198 Ausim
714 2138 918 2212 contendere,
941 2135 1120 2200 Marcellum
1143 2137 1227 2203 hunc

117 2237 257 2322 Eprium,
274 2240 388 2320 dequo
401 2239 493 2301 modo
506 2236 626 2299 locutus
640 2255 706 2298 sum
725 2249 758 2298 et
774 2234 919 2321 Crispum
927 2235 1052 2301 Vibium
1070 2234 1229 2322 (libentius

118 2332 204 2398 enim
219 2331 309 2399 novis
330 2347 362 2398 et
382 2333 560 2397 recentibus
574 2351 667 2413 quam
687 2333 817 2395 remotis
839 2346 871 2396 et
891 2333 1066 2398 obliteratis
1080 2333 1229 2420 exemplis

120 2436 202 2521 utor)
212 2455 275 2500 nou
290 2434 392 2498 minus
403 2455 470 2497 esse
481 2435 515 2496 in
526 2433 675 2496 extremis
692 2433 833 2514 pertibus
845 2447 1000 2498 terrerum
1014 2455 1105 2518 quem
1116 2438 1229 2522 Capuae

119 2551 173 2602 eut
181 2536 345 2611 Vercellis,
360 2536 414 2598 ubi
429 2535 495 2598 nati
508 2535 666 2597 dictmtur.

156 2731 211 2766 non
221 2716 308 2766 111111111
322 2715 386 2778 ern]
404 2712 423 2763 i.
441 2729 467 2764 e.
484 2709 586 2773 vicere,
605 2708 634 2762 in
653 2706 754 2762 bonore
769 2725 842 2772 esse,
857 2709 959 2781 vigere,
980 2711 1008 2764 in
1026 2729 1071 2764 ors
1087 2712 1225 2770 bominum

193 2816 303 2852 versam.

165 2962 299 3048 Quintil.
313 2965 353 3040 X,
367 2965 397 3040 1,
411 2965 490 3028 1191
508 2961 619 3027 Vibius
634 2959 761 3045 Crispus
775 2959 962 3044 compositus
982 2976 1015 3026 et
1031 2963 1185 3045 jucundos
1198 2983 1229 3033 ct

125 3062 326 3130 delectationi
339 3077 439 3138 natus,
453 3063 585 3147 privatis
596 3075 701 3125 tamen
712 3062 814 3148 causis
824 3083 916 3144 quam
926 3063 1060 3150 publicis
1070 3069 1191 3134 melior.

167 3164 213 3226 ld.
227 3165 298 3235 xil,
313 3161 365 3236 10,
380 3165 431 3238 11,
447 3161 671 3244 jucunditatem
686 3158 797 3239 Crispo
812 3157 934 3222 trsstuit.

170 3261 357 3344 QuintilV,
375 3263 424 3336 13,
446 3263 507 3328 ts:
531 3265 571 3326 111
591 3263 715 3346 quidam
737 3259 986 3328 contradictione
1006 3287 1069 3331 non
1090 3273 1230 3334 contenti

125 3379 207 3432 totos
220 3367 314 3430 etiam
328 3365 412 3431 locos
425 3365 602 3449 explicant:
619 3367 697 3424 scire
715 3384 749 3424 se
761 3361 818 3425 lucc
832 3363 968 3426 dicturos
980 3371 1186 3445 adversarios,
1201 3388 1231 3433 er

126 3471 170 3524 ita
180 3480 403 3544 persecuturos.
420 3461 511 3548 Quod
524 3461 640 3525 lactum
654 3473 784 3524 venuste
799 3459 914 3524 uostris
934 3465 1123 3548 temporibus
1141 3468 1232 3531 elusit

123 3563 236 3629 Vibius
250 3560 393 3649 Crispus,
408 3561 459 3627 vir
474 3557 595 3643 ingenii
608 3560 738 3644 jucundi
753 3574 785 3624 et
798 3558 968 3642 elegantis:
983 3563 1048 3644 Ego
1066 3586 1154 3644 vero,
1175 3569 1231 3632 in-

125 3661 204 3744 quit,
217 3666 275 3720 ista
286 3681 348 3720 non
360 3663 448 3738 ἀίω,
460 3651 534 3745 quid
544 3664 627 3720 euim
640 3661 746 3718 attinet
757 3657 812 3717 illa
822 3655 868 3720 bis
878 3657 966 3718 dict?

169 3759 419 3834 lu.v111,5‚1t:
432 3757 500 3818 Pro
510 3757 635 3837 Spatale
643 3750 781 3840 Crispus,
792 3775 882 3836 quem
894 3754 946 3837 qui
956 3755 1102 3821 heredem
1112 3776 1233 3825 ametor

126 3859 309 3922 instituerat
318 3853 462 3929 decessit,
472 3876 542 3922 cum
551 3855 681 3920 baberet
692 3874 792 3918 annos
803 3851 1032 3936 duodevigintiz
1043 3859 1230 3922 Ohominem

127 3959 275 4030 diuinum,
287 3960 341 4041 qui
352 3953 414 4014 sibi
426 3953 570 4013 indulsit!

164 4167 216 4220 pro
224 4146 349 4219 Spatale]
361 4157 453 4202 contra
468 4163 546 4216 quam
558 4145 648 4202 eudem
659 4147 688 4200 in
701 4163 781 4200 causa
793 4143 1022 4200 dixitl'mcbalus.
1038 4149 1098 4206 Vid.
1115 4153 1231 4210 adnotet.
1261 4149 1262 4154 ¹

203 4233 308 4288 Wolffii
322 4233 354 4286 sd
365 4235 392 4286 b.
405 4233 424 4287 l.

1042 4341 1076 4408 ib
