2954 4840
632 379 697 450 337

15 557 16 564 1
110 522 199 582 hurrc
218 520 319 580 locum
341 517 468 598 Epodon
493 517 695 579 Thorbeck.:
718 521 793 581 illud
814 518 896 580 enim
922 517 1072 601 Torquato
1095 519 1214 578 consule

15 649 16 656 1
112 626 187 680 bueo
202 619 280 681 nihil
299 617 382 680 aliud
395 617 550 697 signilicat
563 616 634 694 nisi,
647 640 707 702 quo
723 625 787 700 ipse
804 635 891 680 natas
903 625 996 692 sitm).
1006 617 1166 681 -Cicero
1180 619 1213 680 in

97 717 213 780 ·Bruto
228 738 257 778 c.
276 716 329 790 68,
347 701 409 778 239
429 736 437 775 ε
455 717 488 777 L.
506 717 679 798 Torquatus
693 717 818 796 elegans
840 719 874 779 in
893 714 1035 790 dicendo,
1056 713 1090 775 in
1112 715 1214 776 existi·

111 820 231 882 mando
255 819 414 879 admodum
435 819 581 902 prudens,
600 831 663 883 toto
681 839 795 900 genere
810 820 1016 902 perurbanus.
1039 854 1080 864 -
1095 818 1132 879 C.
1162 819 1213 892 76,

15 943 16 946 ’
114 918 201 980 265:
219 915 342 997 Reliqui
356 929 440 989 sunt,
458 914 510 997 qui
525 919 638 980 mortui
649 915 722 992 sint,
740 919 776 979 L.
792 919 976 999 Torquatus,
1000 937 1088 998 quem
1104 929 1137 976 tn
1153 935 1216 978 non

115 1029 185 1076 tam
207 1010 271 1075 cito
291 1017 446 1076 rhetorem
469 1012 597 1077 dixisses
615 1014 687 1098 (etsi
703 1034 765 1076 non
780 1017 887 1076 deerat
909 1015 1039 1098 oratio),
1056 1031 1164 1096 quatu,
1187 1029 1221 1076 ut

115 1112 227 1177 Groeci
242 1113 362 1189 dicunt,
379 1126 509 1177 1111111111.
531 1113 631 1175 Erant
648 1115 681 1174 in
702 1132 739 1174 eo
753 1110 894 1194 plurima
904 1111 1003 1176 literae
1019 1133 1078 1174 neo
1092 1130 1135 1174 eae
1154 1115 1221 1175 vul·

118 1234 230 1294 garos,
253 1215 306 1274 sed
327 1213 492 1275 interiores
517 1217 654 1296 quaedam
668 1227 701 1276 et
721 1215 900 1289 recondite,
921 1211 1029 1276 divina
1048 1212 1197 1276 memoria
1207 1229 1219 1287 ⁴,

15 1313 17 1332 '
116 1335 239 1376 suuuna
266 1315 431 1378 verborum
455 1330 486 1378 et
511 1314 648 1396 gravitas
667 1328 699 1377 et
723 1316 888 1394 elegantia.
915 1319 1013 1395 Atque
1033 1315 1098 1378 haec
1118 1318 1222 1378 omnia

117 1413 194 1475 vitae
209 1413 379 1474 decorabat
390 1417 529 1492 gravitas
543 1427 575 1475 et
589 1410 766 1494 integritas.

166 1516 340 1594 Torquatus
355 1527 469 1596 praetor
481 1515 538 1576 luit
553 1535 583 1575 a.
599 1517 639 1581 U.
658 1515 730 1577 701.
746 1519 839 1577 Anno
852 1527 952 1576 autem
965 1515 1023 1577 707
1040 1512 1172 1590 interiit,
1190 1527 1224 1575 ut

121 1617 245 1673 Auctor
267 1614 305 1673 de
329 1612 411 1674 hello
435 1612 532 1674 Afric.
560 1634 588 1674 c.
615 1615 654 1675 96
678 1625 799 1674 narrat.
825 1615 869 1674 Ex
891 1615 995 1677 eodem
1012 1614 1082 1676 loco
1102 1614 1222 1686 elucet,

119 1711 310 1773 Ciceronem
319 1711 448 1770 Brutum
456 1727 541 1770 suum
553 1723 606 1770 aut
616 1711 651 1770 in
663 1709 726 1770 line
738 1729 767 1770 a.
784 1709 840 1770 707
857 1723 909 1770 aut
923 1729 952 1769 a.
969 1711 1029 1772 709
1044 1709 1222 1770 absolvisse.

123 1805 192 1870 Alii
207 1820 241 1867 nt
255 1809 439 1892 Bernhardy
454 1807 488 1869 in
510 1809 590 1870 Hist.
608 1811 697 1870 Rom.
720 1791 857 1869 litterati
869 1827 899 1889 p.
925 1807 986 1873 299
1010 1807 1095 1869 eirca
1111 1825 1228 1868 annum

124 1910 190 1970 706
217 1905 330 1968 librum
350 1906 552 1988 compositum
574 1917 697 1988 putant.
720 1904 870 1985 Equidem
886 1925 949 1968 non
975 1903 1106 1976 alflrmo,
1130 1915 1228 1964 totum

122 2008 242 2069 librum
257 2025 339 2066 anno
355 2007 477 2066 demum
493 2007 551 2069 707
568 2005 743 2067 conlectum
760 2023 826 2065 esee
841 2023 849 2064 t
865 2001 926 2066 alie
940 2005 1025 2068 enim
1036 2023 1110 2086 pars
1123 2002 1229 2084 priore

121 2123 268 2189 tempore
285 2103 402 2189 scripta
417 2108 551 2184 videtur,
577 2121 611 2169 nt
636 2111 737 2182 locus,
761 2109 874 2186 inquo
895 2109 934 2170 de
954 2105 1073 2170 Catone
1088 2099 1230 2172 Uticensi

123 2207 263 2287 loquitur
274 2203 357 2287 (cap.
374 2208 427 2281 31,
444 2207 526 2290 110),
543 2219 616 2269 aute
627 2220 758 2270 mortem
774 2207 851 2289 ejus,
869 2221 935 2287 qum
945 2205 1051 2266 itidem
1066 2200 1100 2264 in
1114 2219 1230 2264 aenum

127 2304 189 2366 707
216 2300 351 2378 incidit,¹
370 2304 547 2366 necessario
572 2305 766 2387 conscriptus
792 2316 870 2365 ests
897 2303 942 2364 ibi
970 2301 1055 2365 enim
1082 2303 1233 2363 Catonem

125 2405 233 2465 vivum
251 2401 350 2482 fingit.
371 2404 478 2464 Eidem
491 2419 573 2464 anno
587 2407 629 2470 U.
650 2403 708 2465 707
725 2404 777 2464 hio
791 2403 929 2480 dialogus
952 2397 1115 2464 Ciceronis
1128 2394 1230 2460 vindi·

127 2517 220 2566 catur
245 2507 278 2565 in
304 2502 407 2584 Pighii
427 2505 543 2567 Annal.
566 2506 629 2566 vol.
647 2506 709 2578 111,
726 2524 757 2587 p.
776 2503 850 2564 459.
871 2497 975 2587 [Coni.
992 2502 1128 2563 Clinton.
1147 2499 1229 2561 Fast.

129 2624 161 2683 p.
182 2601 257 2663 203.
283 2598 470 2689 Westerm]
1120 2637 1122 2643 ι

277 2821 479 2891 LXXXIX.
513 2807 554 2893 C.
589 2819 792 2892 Scribonius
821 2816 942 2906 Curio,
972 2817 1015 2890 C.
1043 2819 1083 2888 F.
1184 2821 1189 2830 '

129 3035 139 3052 '
179 3034 247 3098 Cic.
270 3035 383 3098 Brutus
404 3057 433 3097 c.
452 3037 505 3112 81,
527 3037 589 3100 280
607 3058 614 3096 :
633 3037 669 3096 C.
686 3035 780 3099 Curio
796 3037 841 3097 ita
854 3033 945 3098 facile
958 3033 1115 3117 soluteque
1130 3029 1236 3096 verbis

131 3135 282 3202 volvebat
294 3134 368 3198 satis
376 3137 533 3199 interdum
543 3150 659 3211 acutas,
675 3135 803 3198 crebras
813 3135 936 3216 quidem
951 3148 1037 3198 certe
1052 3134 1233 3208 sententias,

132 3252 168 3298 ut
183 3235 261 3298 nihil
271 3250 372 3319 posset
387 3239 526 3310 ornatius
537 3258 615 3313 esse,
636 3234 715 3298 nihil
730 3233 913 3318 expeditius.
930 3239 1031 3316 Atque
1042 3236 1094 3296 hio
1108 3255 1127 3294 a
1141 3233 1233 3310 magi·

133 3333 207 3396 stris
227 3354 338 3416 parum
361 3333 532 3411 institutus,
549 3347 693 3395 naturam
714 3333 823 3394 habuit
842 3329 1060 3396 admirabilem
1075 3331 1114 3392 ad
1131 3331 1236 3391 dicen·

135 3435 219 3492 dum.
239 3428 427 3494 industriam
443 3452 505 3493 non
527 3451 593 3492 sum
608 3443 765 3513 expertast
789 3429 923 3492 studium
942 3443 1027 3492 certe
1046 3426 1114 3489 init.
1132 3424 1195 3510 Qui
1211 3429 1237 3489 si

135 3552 186 3595 me
210 3532 319 3616 audire
340 3531 499 3606 voluisset,
526 3542 560 3591 ut
579 3544 727 3612 coeperat,
745 3531 880 3614 honores
895 3551 988 3612 quum
1001 3548 1075 3612 opes
1090 3525 1237 3609 consequi

136 3630 304 3693 maluisset.

182 3727 281 3807 Hujus
293 3725 447 3803 Curionis,
466 3729 586 3811 opinor,
603 3728 747 3790 meminit
760 3731 793 3791 in
805 3730 946 3792 oratioue
956 3709 1088 3808 quadam
1101 3725 1238 3794 Tacitus,
1266 3789 1290 3830 K,

142 3827 258 3889 Annal.
281 3825 339 3901 XI,
365 3827 397 3899 7,
415 3847 483 3888 cum
507 3826 594 3900 dicit,
608 3842 754 3907 prompta
774 3825 832 3886 sibi
847 3845 915 3886 esse
937 3825 1097 3902 exempla,
1120 3827 1240 3908 quantis
1289 3823 1293 3830 ’

144 3927 340 3989 mercedibus
356 3925 485 3987 Publius
511 3927 632 3990 Clodius
660 3944 709 3987 eut
728 3927 819 3988 Cuius
846 3925 937 4012 Curio
963 3929 1137 3986 concionari
1156 3923 1241 3984 soliti

145 4030 213 4085 siut.
1215 4096 1222 4112 ἢ

190 4125 293 4190 Schol.
311 4123 455 4189 Ambros.
474 4125 579 4188 Cicer.
594 4123 626 4187 in
641 4129 677 4188 P.
691 4121 855 4194 ¹Claudium
866 4125 900 4186 in
916 4125 1108 4206 Argumenta
1126 4144 1158 4205 p.
1181 4118 1242 4182 330
1266 4128 1340 4204 220

149 4227 200 4286 ed.
216 4225 314 4288 Orell.
334 4225 440 4287 :Tres
455 4224 516 4286 illis
534 4223 724 4306 temporibus
748 4227 896 4288 Curiones
913 4223 1026 4286 illustri
1049 4225 1174 4289 nomine
1193 4244 1244 4285 ex·

1100 4337 1133 4404 43
