2904 4840
795 365 839 440 st

268 499 415 566 seeetulis
429 499 693 582 relinquerentur,
716 504 872 586 progressi
890 515 993 566 autem
1005 502 1177 568 honoribus
1190 495 1288 585 magis
1298 505 1370 585 gra·

252 595 336 676 ,tioei
352 617 442 679 quarn
459 596 618 672 terribiles
637 616 704 663 esse
718 603 844 663 vellent.
865 601 956 665 Cani.
974 605 1013 665 tle
1027 604 1255 668 adolescentum
1279 623 1369 670 aceu-

266 695 439 769 sationibus
448 697 560 758 Pollet.
573 698 596 759 l.
610 719 639 758 o.
652 678 696 771 ll,
709 702 741 761 6.
750 695 804 763 sie
815 699 943 762 ambitio
954 700 1148 763 detenmmm
1157 718 1227 762 carn
1237 700 1369 765 levitate

249 787 401 874 ¹jtrtlieum
416 813 499 876 sepe
518 793 674 856 renalium
689 795 857 870 consensit,
881 810 916 858 ut
929 798 976 860 rei
989 797 1040 858 vel
1054 797 1186 860 maxime
1203 797 1288 859 noxii
1305 799 1370 862 exi·

265 904 436 954 merentur.
448 893 487 954 V.
502 890 634 957 Coelium
646 895 686 956 ad
699 894 767 958 Cic.
785 894 818 955 in
832 896 911 976 app.
927 895 968 956 aa
982 892 1068 958 dirr.
1084 897 1173 970 vtlt,
1191 895 1222 972 b,
1240 895 1365 959 cellans

265 989 332 1054 set
345 991 376 1050 6.

307 1088 373 1148 Hoc
389 1089 538 1166 perverso
552 1108 638 1151 nore
653 1089 780 1164 lactum,
802 1099 837 1149 ut
857 1085 1009 1168 frigerent
1023 1102 1231 1164 accusatores,
1258 1090 1367 1171 paneis

266 1203 366 1266 neque
381 1180 537 1248 nobilibus
552 1187 591 1246 ad
610 1187 668 1248 lto'c
683 1206 795 1249 muniis
807 1183 1081 1259 descendentibm3
1095 1197 1127 1250 et
1141 1198 1175 1247 tte
1189 1186 1368 1248 exultarent
1396 1176 1399 1186 ’

264 1279 436 1365 potentium
453 1280 582 1346 audacia
594 1281 690 1344 noxii.
705 1283 785 1342 lntle
797 1280 900 1360 gratia
914 1285 1039 1362 quidem
1051 1283 1241 1347 &fundendo
1258 1294 1367 1364 poten·

263 1382 340 1444 tium
365 1378 516 1449 inibatur,
537 1377 591 1440 sstl
611 1390 681 1442 eum
695 1378 814 1442 oflensa
833 1379 950 1462 populi,
977 1381 1125 1460 puraque
1149 1392 1236 1444 recta
1250 1392 1284 1442 st
1296 1380 1367 1444 siae

262 1478 376 1559 injusto
390 1471 490 1540 studio
500 1472 679 1553 judicantis.
696 1476 771 1538 lade
781 1475 959 1540 exsibilatur
979 1473 1174 1551 Hortensius,
1189 1497 1260 1538 etim
1276 1497 1366 1540 reum

263 1577 423 1640 nanneto
445 1585 565 1652 satutem
590 1572 771 1649 exanimem
787 1576 860 1639 inde
876 1597 896 1640 a
913 1577 1060 1640 inventio
1076 1574 1239 1638 Laterensi
1260 1577 1367 1640 conri-

261 1674 344 1736 oium
358 1669 471 1738 Cicero
485 1669 616 1743 audiris,
642 1674 724 1750 quad
737 1671 829 1736 nimis
846 1672 1010 1735 ambitiosa
1024 1673 1135 1748 multos
1163 1673 1365 1748 defenderet,

260 1788 294 1842 et
313 1775 417 1840 dedita
434 1790 531 1853 opera
548 1771 739 1840 miserabiles
764 1791 822 1855 pro
841 1774 981 1837 sontibus
995 1776 1208 1856 perorationes
1233 1773 1364 1836 moeret.

261 1875 316 1944 Sic
334 1876 479 1948 invaluit,
495 1886 530 1938 nt
543 1873 662 1940 homini
676 1874 804 1937 honesto
820 1875 854 1936 in
863 1873 990 1959 judiciis
1000 1877 1106 1952 omnia
1119 1877 1263 1950 licerent,
1281 1873 1366 1938 laeta

262 1979 378 2044 iniecta
393 1974 498 2040 verbis
514 1975 658 2051 reddere,
675 1975 852 2057 probabilis
876 1976 960 2038 nullo
974 1974 1099 2057 negotio
1117 1973 1264 2058 rejicere,
1289 1996 1367 2040 vera

262 2074 349 2142 falsis
367 2075 513 2150 munere,
538 2088 573 2136 ut
597 2073 830 2158 quamplurimi
853 2078 987 2140 cratoris
1007 2097 1101 2159 opera
1123 2093 1221 2158 poenoe
1239 2075 1364 2141 subtra-

261 2177 432 2247 herenturs
457 2173 538 2254 qued
559 2170 635 2251 jumi
657 2184 690 2236 et
713 2173 807 2256 probi
827 2169 891 2234 riri
906 2173 1069 2255 judicare,
1098 2185 1204 2238 nostro
1223 2175 1364 2254 tempore

262 2292 353 2340 nemo
366 2267 458 2344 ausit,
475 2281 651 2350 quanquam
666 2290 728 2335 non
744 2271 834 2335 modo
849 2270 993 2334 Ciceroni
1001 2283 1033 2331 et
1046 2269 1241 2354 Qrtintiliano
1250 2270 1306 2346 xt,
1333 2271 1363 2345 i,

261 2371 313 2446 74,
331 2371 388 2440 sed'
399 2368 494 2433 etiam
507 2365 611 2432 Stoico
630 2367 1063 2451 persuasissimum.
1087 2370 1132 2443 ll,
1156 2367 1206 2444 tt,
1228 2367 1359 2451 placuit.

260 2471 325 2538 Nec
340 2477 444 2536 taurea
463 2468 634 2539 Varenum,
649 2466 829 2540 Gabinium,
856 2466 1019 2537 Scaurum,
1039 2484 1115 2546 quos
1135 2465 1296 2526 ambitiose
1310 2465 1364 2526 de·

258 2571 368 2642 lendin
383 2588 422 2630 ex
437 2564 692 2630 manifestissimis
709 2563 895 2632 criminibus
912 2567 1034 2649 eripere
1056 2566 1168 2649 potuit.
1186 2566 1234 2630 Cl.
1251 2565 1359 2630 Valer.

259 2675 341 2737 Max.
356 2671 445 2742 Vlll,
471 2670 500 2745 l,
520 2665 800 2751 10;Quintit.1v‚
820 2669 931 2743 1,6s;
957 2670 1032 2744 Vll,
1049 2669 1080 2740 2,
1100 2671 1152 2733 86.
1174 2665 1364 2732 violentiam

256 2772 479 2835 advocatorum
502 2780 534 2831 et
549 2779 751 2848 patronorum
770 2764 909 2846 ejusdem
920 2765 1032 2828 Scauri
1046 2784 1138 2826 causa
1159 2765 1296 2826 ostendit
1308 2764 1319 2848 l
1331 2783 1361 2827 r.

257 2873 373 2938 Maon.
386 2865 420 2933 in
429 2867 540 2930 Seaer.
554 2885 587 2946 p.
599 2866 640 2929 28
652 2888 699 2946 sq.
709 2868 758 2927 ed.
771 2867 893 2948 Caeli),
907 2853 1109 2926 utnotissima
1116 2862 1225 2926 Verria
1236 2866 1362 2940 auxilia,

258 2970 484 3041 Hortensium,
507 2965 657 3039 Metellos,
687 2964 847 3046 Scipiones
870 2976 1063 3046 preteream.
1091 2963 1237 3027 Ceterum
1260 2977 1363 3032 orato·-

258 3070 354 3140 ribus‚
369 3068 479 3148 quihus
489 3064 575 3140 olim,
590 3077 740 3144 quantum
753 3064 993 3136 dicerevettent,
1005 3064 1132 3142 licebat,
1149 3063 1284 3148 primurn
1294 3067 1362 3146 lege

258 3171 405 3254 Pompeia
422 3168 535 3232 modus·
551 3163 723 3248 prefinitus
735 3179 782 3228 eet
795 3162 883 3249 (Cic.¹
899 3167 987 3226 Brut.
1002 3185 1031 3227 c.
1045 3165 1096 3244 st,
1109 3181 1142 3231 et
1153 3177 1253 3249 saepe3
1274 3165 1359 3230 Dial.

258 3271 296 3332 de
314 3275 405 3333 oiatt·
430 3289 458 3332 c.
481 3266 551 3352 38).
571 3261 708 3327 lnraluit
729 3264 823 3326 etiam
841 3262 970 3326 vitiosus
992 3284 1068 3338 mos,
1094 3277 1128 3326 at
1151 3265 1292 3346 pluribus
1305 3285 1359 3346 pa·

256 3363 360 3436 tronis
372 3385 471 3429 raum
492 3361 784 3427 administrarentur
794 3382 804 3435 3
825 3381 927 3444 neque
946 3361 1030 3424 binis
1045 3363 1155 3437 solum,
1178 3363 1233 3424 sotl
1248 3363 1357 3438 ternis,

254 3467 308 3532 val
321 3467 405 3530 senis
422 3465 467 3529 rei
482 3463 599 3528 delensi
614 3473 702 3537 sunt3
723 3483 814 3524 cansa
829 3467 879 3526 rel
896 3463 940 3525 ita
957 3460 1085 3545 partita,
1103 3463 1228 3526 utal'ter
1241 3463 1358 3545 exposi-

253 3565 384 3639 tionem,
411 3560 678 3640 confirmationem
702 3575 735 3623 et
756 3562 984 3642 perorationem
1005 3558 1086 3620 alter
1105 3561 1286 3645 susciperet,
1308 3555 1359 3623 rel

257 3671 546 3747 utrumquemnnus
568 3661 655 3743 qnasi
668 3661 825 3740 integrum
842 3659 971 3740 singulis
995 3673 1185 3725 servaretur.
1205 3661 1256 3725 Sic
1270 3659 1360 3724 Coelii

256 3779 350 3830 causa
370 3774 483 3845 praeter
500 3760 596 3844 ipsius
612 3779 738 3843 opmnm
753 3779 776 3820 a·
794 3754 944 3820 Cicerone
962 3768 994 3817 et
1014 3755 1181 3822 Hortensio
1200 3771 1289 3832 acta,
1315 3757 1360 3819 sic

257 3857 359 3934 Balbi,
376 3871 409 3922 et
418 3859 532 3930 Sextii,
549 3871 581 3921 et
590 3855 694 3923 Flacci
711 3869 742 3919 et
755 3857 907 3927 Morene,
923 3855 985 3915 imo
1003 3873 1057 3915 sex
1071 3852 1210 3936 patronis
1226 3855 1360 3917 Scaurus

259 3959 412 4032 defensus,
422 3955 587 4031 Cicerone,
596 3956 735 4027 Messala,
749 3954 924 4024 Hortensio,
933 3951 1065 4026 Calidio,
1073 3949 1193 4030 Clodio,
1202 3953 1358 4029 Marcello,

257 4075 292 4124 ut
307 4057 686 4140 Asconiusinargumento
699 4074 796 4116 causae
806 4075 837 4135 p.
850 4053 890 4115 20
900 4053 1008 4118 refert.
1016 4055 1100 4129 Post,
1113 4056 1292 4136 antelegem
1308 4059 1359 4118 Ju.

250 4161 329 4228 liam
340 4166 379 4228 ad
386 4165 542 4227 duodenos
550 4170 732 4243 peruentum
740 4173 818 4236 esse,
825 4157 906 4220 idem
915 4156 1066 4233 Asconius
1074 4169 1182 4221 auctor
1189 4154 1355 4241 est(ibid.)·
