2916 4838
744 343 813 424 tot

436 686 439 692 ,
516 617 548 680 2.
565 637 675 682 orario
691 638 746 681 rao
761 639 874 680 uicinia
890 639 1026 680 vincins.

261 841 330 907 cic.
348 844 439 904 Brut.
462 860 493 904 c.
518 841 572 919 ts,
596 841 654 906 160
667 835 838 910 aDelendit
860 853 967 924 postea
992 837 1146 904 Liciniam
1160 837 1329 918 virginem,

220 959 313 1022 qnam
325 960 426 1004 anuos
438 953 556 1024 wptern
570 953 604 1002 et
620 939 733 1022 viginti
753 951 943 1002 natusesset.
967 940 1006 1001 ln
1025 959 1064 1002 ca
1076 935 1144 1024 ipsa
1163 957 1256 1008 causa
1274 934 1332 1000 luit

220 1032 501 1118 eloquentissimus,
518 1040 729 1124 orationisque
743 1031 809 1116 ejus
830 1041 962 1116 scriptas
975 1035 1123 1122 quasdam
1134 1049 1240 1114 partes
1261 1036 1332 1094 reli-

242 1139 297 1194 uit.

127 1255 138 1322 Ι
149 1252 192 1328 43
221 1155 241 1217 q
262 1234 553 1296 senescamus.
571 1231 613 1298 U·
629 1230 704 1305 610,
722 1231 760 1290 L.
777 1231 1036 1312 Casdopratore.
1060 1227 1248 1318 [Dejudicio
1263 1227 1332 1312 ipso

217 1343 250 1394 et
268 1332 376 1398 Cassio
391 1333 552 1415 quaesitore
580 1329 680 1394 nimia
700 1333 868 1395 severitate
884 1351 939 1394 uso
956 1352 987 1393 v.
1011 1329 1082 1395 Lir.
1107 1333 1191 1415 Epis.
1212 1333 1336 1406 nx1113

221 1433 334 1493 Ascon
348 1431 381 1492 in
395 1427 464 1492 Cic.
478 1428 536 1494 Or.
553 1447 610 1512 pro
642 1427 748 1490 Milon.
768 1449 796 1491 c.
816 1429 855 1491 12
870 1425 917 1512 (p.
941 1427 981 1489 46
1004 1429 1055 1490 ed.
1070 1426 1205 1514 Orell.);
1220 1428 1331 1492 Valer.

221 1531 301 1594 Max.
331 1531 391 1605 lll,
419 1531 450 1606 ’1,
467 1529 507 1604 9;
533 1528 625 1595 Oros.
646 1529 685 1603 V,
711 1529 760 1604 153
776 1529 932 1614 Porphyr.
949 1529 989 1590 ad
1006 1529 1118 1590 Horat.
1133 1527 1234 1592 Scrm.
1250 1530 1277 1602 l,
1296 1532 1328 1602 6,

225 1625 277 1690 30.
301 1628 448 1690 Notemua
464 1624 625 1690 Plutarchi
639 1643 792 1702 errorem,
809 1626 861 1708 qui
874 1622 1015 1708 quamvis
1034 1627 1251 1690 damnatarum
1271 1647 1313 1688 no

220 1721 317 1796 anina,
343 1719 514 1800 AEmiliam,
541 1720 704 1798 Marciam,
724 1719 896 1795 Liciniam,
917 1721 1043 1798 habent,
1069 1734 1174 1788 umen
1197 1744 1263 1788 rem
1286 1725 1328 1790 ad

219 1821 339 1884 Punica
360 1837 500 1905 tempora
515 1822 613 1884 relert
623 1821 739 1904 Queat.
754 1825 846 1887 Rom.
872 1844 905 1906 p.
920 1822 996 1885 860.
1019 1823 1166 1886 Ceterum
1182 1823 1331 1907 reliquias

218 1922 308 2008 hujus
320 1924 507 1988 defensionis
520 1924 597 1986 satis
610 1919 748 2001 insignes
762 1926 960 2004 agnoscimus
970 1921 1003 1986 ia
1018 1927 1112 1988 duct.
1130 1928 1170 1988 ad
1182 1927 1325 1988 Harena.

218 2019 273 2096 lv,
294 2021 328 2082 16
344 2032 377 2082 et
392 2020 430 2082 35
444 2039 453 2080 2
467 2019 567 2082 altero
582 2019 651 2080 loco
666 2020 704 2081 de
720 2021 839 2084 incesto
856 2041 914 2104 per
927 2016 1199 2086 ratiocinationem
1218 2023 1334 2104 qnaeri-

218 2133 287 2193 tur3
316 2121 416 2306 alt]cro
436 2121 476 2182 ad
497 2123 534 2185 L.
561 2119 698 2182 Cassium
720 2122 913 2204 quesitorem
938 2123 1063 2186 videtur
1090 2143 1192 2187 sermo
1213 2125 1321 2208 dirigi.
1380 2149 1388 2208 g

221 2217 355 2282 Ellendt.
438 2282 440 2288 ,

471 2435 503 2498 3.
525 2454 635 2503 orario
656 2457 696 2500 nr
715 2456 843 2500 cononis
864 2457 1061 2502 ninmnansr.

258 2647 328 2715 Cic.
353 2651 442 2713 Brut.
459 2671 489 2713 c.
510 2651 563 2729 tt,
584 2652 644 2717 160
662 2675 670 2714 =
687 2653 792 2716 Voluit
809 2654 987 2719 adolescens
1003 2654 1036 2718 in
1061 2656 1182 2719 colonia
1202 2655 1323 2718 Narbo·

219 2745 309 2811 nensi
323 2767 423 2810 musas
445 2751 604 2832 popularis
623 2749 742 2834 aliquid
760 2749 935 2832 attingere,
955 2753 1087 2835 eamque
1107 2753 1271 2824 coloniam,
1288 2768 1324 2816 ut

217 2845 307 2920 lecit,
320 2844 386 2928 ipse
401 2848 563 2928 deducere.
584 2847 700 2910 Exstat
714 2855 747 2908 in
756 2870 828 2910 eam
839 2850 940 2930 legem
954 2857 1069 2927 senior,
1086 2868 1117 2912 ut
1137 2857 1183 2912 ita
1199 2853 1321 2928 dicum,

215 2963 310 3028 quom
323 2959 402 3004 ortos
413 2945 612 3027 illoferabac
628 2952 743 3008 oratio.

257 3041 333 3102 Hac
346 3059 438 3104 carna
456 3062 486 3104 a.
510 3042 548 3104 U.
565 3043 626 3108 635
639 3043 736 3118 dicta,
750 3063 822 3108 curn
835 3045 965 3110 Crassus
981 3048 1043 3111 duo
1053 3061 1085 3112 ct
1098 3047 1323 3132 vigintiannos

219 3154 291 3205 erat
302 3152 405 3204 natus.
419 3145 580 3208 -Vellei
597 3147 626 3219 l,
642 3147 694 3222 15,
710 3147 752 3209 52
768 3147 876 3211 Narbo
890 3146 1023 3212 Martius
1037 3150 1072 3212 in
1087 3147 1193 3214 Gallia
1207 3151 1323 3214 Porcio

220 3243 397 3326 Marcioque
410 3243 496 3308 Coss.
513 3247 643 3309 deducta
664 3248 788 3312 colonia
805 3261 868 3311 est.
887 3249 1019 3314 Senatus
1031 3250 1156 3326 Crasso,
1184 3249 1322 3332 gratiam

214 3351 321 3434 populi
334 3365 400 3414 turn
419 3352 570 3434 captanti,
587 3353 701 3417 lrtastra
716 3354 849 3418 obstitit.

255 3450 324 3515 Cic.
335 3451 383 3514 Dc
393 3449 474 3512 ollic.
492 3452 536 3526 11,
556 3448 593 3514 18
608 3475 616 3516 a
632 3457 730 3537 Atque
745 3455 810 3518 hacc
822 3455 1002 3536 benignitas
1014 3458 1109 3518 etiam
1124 3457 1257 3541 reipubl.
1276 3471 1323 3522 est

216 3547 313 3625 utilis,
329 3549 442 3616 redimi
453 3572 472 3614 e
483 3553 634 3616 servitute
644 3566 763 3636 captos,
776 3556 962 3641 locupletari
972 3558 1129 3620 tenuiores
1140 3578 1150 3618 a
1162 3560 1243 3639 quod
1254 3561 1322 3639 qui·

214 3648 284 3710 dem
302 3650 395 3730 vulgo
405 3647 530 3712 solitum
544 3649 614 3714 ficri
628 3652 668 3716 ab
683 3654 795 3716 ordine
810 3666 918 3718 nostro
928 3659 960 3713 in
974 3660 1117 3717 oratione
1130 3655 1321 3720 Crassr'scri-

215 3759 301 3830 ptum
316 3749 442 3834 copiose
455 3752 604 3816 ddemus.

248 3909 406 3980 locupletari
411 3912 540 3966 tenum
548 3917 568 3981 ]1
580 3911 693 3966 coloniis
704 3911 878 3976 deducendis,
891 3913 971 3967 sicuti
978 3913 1094 3968 canu·
1101 3913 1198 3970 voluit.
1300 3957 1302 3964 .

255 4063 446 4126 remoratur
455 4064 567 4126 deiude
580 4061 681 4128 oratio
695 4064 735 4125 de
748 4063 870 4127 colonia
881 4065 1080 4130 Narbonensi
1089 4067 1159 4132 Cic.
1178 4069 1226 4132 De
1237 4083 1320 4132 orat.

214 4161 258 4232 ll,
281 4163 331 4237 55,
347 4163 420 4240 223,
433 4161 489 4226 Or.
508 4183 564 4246 pro
578 4163 701 4227 Cluent.
716 4183 743 4225 c.
759 4164 811 4240 51,
827 4161 961 4248 Quintil·
978 4169 1034 4242 Vl,
1048 4168 1079 4241 ³,
1093 4166 1145 4229 ll.
1260 4213 1265 4224 ,
