2904 4838
774 337 839 408 158

300 477 421 542 Gellius
433 477 473 551 Χ,
490 476 547 537 11ι
563 479 606 538 Μ.
620 478 698 542 Cato
711 495 770 559 pro
783 497 817 539 se
831 492 941 540 contro
955 475 992 540 C.
1006 476 1160 540 Cassium:
1174 477 1278 560 Atque
1291 495 1364 536 eve·

258 580 305 635 nit
319 581 372 652 ita,
391 578 536 658 Quirites,
558 583 603 635 uti
625 580 657 635 in
677 574 736 636 bac
754 578 951 652 contumelia,
972 598 1042 661 quta
1063 575 1142 636 mihi
1157 594 1214 654 per
1231 569 1367 655 hujusce

256 674 456 752 petulantiam
466 671 589 754 factum
604 678 675 747 itur,
688 677 735 733 rei
745 694 867 757 quoque
878 672 1011 753 publica
1028 671 1255 753 mediusfidius
1271 675 1363 732 mise·

258 791 341 844 rear,
354 773 498 854 Quirites.

302 884 461 945 Plutarch.
478 884 548 948 Cat·
564 906 594 947 c·
612 885 649 946 15
665 905 672 943 t
688 899 722 956 οὐ
737 900 782 969 μὴν
797 890 849 950 ott’
862 901 932 958 αὐτὸς
955 900 1020 967 iurgi
1042 897 1152 968 πολιτείᾳ
1173 901 1255 968 neptis
1271 895 1359 961 noan,

259 984 314 1039 ἀλλ’
330 988 388 1038 ὅπου
405 983 457 1036 τινὰ
477 983 553 1047 λαβὴν
572 985 696 1056 παράσχοι
710 987 757 1044 τοῖς
774 986 1019 1057 1χ6ροῐς,οιριιο’γιινος
1038 982 1080 1035 καὶ
1094 980 1233 1035 nundinatius
1247 979 1359 1040 διοτέλιι.

259 1086 364 1156 Δι’γοται
380 1081 429 1155 γὰρ
444 1081 522 1155 ὀλίγον
541 1081 705 1141 ἀπολιπούσας
726 1089 772 1134 τῶν
786 1083 936 1140 πεντήκοντα
957 1086 1039 1157 φυγεῖν
1059 1079 1139 1148 δίκας,
1160 1081 1216 1151 μίαν
1236 1078 1265 1132 di
1278 1089 1360 1132 πολιο-

258 1181 329 1234 ταὶαι
346 1181 369 1243 ἓξ
381 1183 421 1238 ian
435 1179 478 1232 nai
491 1178 642 1253 ὀγὲοήιιοντα
656 1183 770 1254 γεγονώς.
787 1183 829 1232 Ἐν
843 1177 860 1250 ᾗ
873 1181 955 1234 καὶτὸ
969 1181 1166 1252 μνημονιυόμινοι
1182 1173 1257 1231 εἶπεν·
1270 1183 1301 1238 ὣς
1313 1198 1361 1248 χοι-

259 1267 331 1318 λιπόν
347 1267 406 1318 ἐστιν
420 1267 443 1316 iu
465 1265 543 1322 ἄλλοις
557 1265 690 1327 βεβιωκότα
705 1263 856 1334 ἀνθρώποις,,
870 1268 892 1316 is
906 1268 985 1324 ἄλλοις
1000 1267 1180 1338 ἀπολογιῐαθοιι.

614 1443 666 1505 il.
690 1464 803 1506 omma
821 1467 859 1506 nn
878 1464 997 1506 scamus.

309 1607 492 1670 «Fortassis
513 1621 559 1670 est
580 1609 618 1670 de
640 1610 780 1672 exulibus
803 1611 943 1682 Achaiae,
967 1610 1005 1674 de
1027 1609 1227 1692 quibuscum
1249 1627 1361 1690 magna

260 1706 529 1768 controversiain
549 1721 658 1770 senatu
678 1721 775 1783 esset,
799 1728 968 1788 exsurgens
985 1708 1081 1782 Cato,
1101 1709 1200 1790 Quasi
1218 1727 1282 1766 non
1302 1712 1356 1781 sit,

261 1799 374 1885 inquit,
386 1805 471 1889 qnod
479 1826 622 1884 agamus,
634 1807 809 1868 decidemus
824 1806 871 1866 lzic
888 1806 985 1866 totum
997 1807 1079 1866 ritem
1094 1807 1133 1864 de
1148 1803 1271 1866 senibus
1280 1826 1363 1884 grae··

260 1904 339 1963 culis
357 1919 544 1988 quarentes,
566 1903 618 1966 bic
635 1929 677 1966 an
699 1911 731 1966 in
745 1907 866 1967 Achaia
886 1929 906 1965 a
926 1908 1146 1986 sandapilariis
1166 1906 1356 1986 efflrantur:

260 2012 364 2062 tamen
384 2000 491 2062 Achai
512 2001 645 2064 reditum
666 2001 883 2086 impetrarunt.
914 2004 1074 2066 Plutarch.
1097 1999 1131 2065 in
1147 2001 1219 2066 Vita
1238 2021 1267 2063 c.
1287 2001 1317 2062 9.
1339 2027 1353 2060 s

258 2095 395 2174 Popma.
415 2099 515 2163 Etiam
529 2100 563 2160 iu
578 2100 639 2163 hac
651 2122 686 2164 re
698 2099 852 2183 Scipioni,
868 2101 921 2181 qui
933 2098 1056 2186 Polybii
1070 2119 1164 2162 causa
1178 2098 1299 2160 ilchaeis
1312 2116 1363 2160 re-

262 2195 359 2257 ditum
372 2201 544 2263 concedere
554 2201 691 2274 volebat,
699 2198 832 2275 obstitit,
843 2200 983 2282 quamvis
993 2212 1118 2280 rogatus
1126 2212 1204 2262 esset
1213 2199 1252 2260 ab
1265 2217 1316 2271 eo,
1327 2209 1360 2258 ut

262 2293 445 2358 Plutarchus
460 2299 590 2360 tradidit
604 2299 639 2361 in
652 2300 729 2377 Reg.
743 2311 775 2360 et
786 2301 902 2381 imper.
915 2299 1156 2382 Apopbtbegm„
1167 2297 1244 2360 Cato
1260 2317 1293 2358 n.
1305 2295 1357 2358 28.

262 2392 446 2455 Achaeorum
464 2407 567 2456 autem
583 2395 742 2478 principes
758 2396 855 2459 iermc
873 2392 970 2470 mille,
990 2407 1024 2458 ut
1041 2415 1060 2457 a
1078 2392 1259 2458 criminibus
1275 2393 1360 2454 inita

263 2511 333 2556 cum
347 2497 462 2558 Perseo
475 2494 635 2560 societatis
656 2519 689 2562 sc
710 2512 892 2581 purgarent,
907 2500 1037 2560 Romam
1050 2496 1172 2559 evocati
1190 2513 1273 2557 auno
1287 2495 1358 2568 588,

262 2603 295 2653 et
305 2589 423 2658 indicta
434 2614 527 2657 causa
538 2595 657 2658 circum
668 2597 837 2678 municipia
847 2607 879 2657 et
889 2594 1026 2657 colonias
1037 2591 1228 2655 custodiendi
1245 2587 1362 2653 dimissi

262 2701 366 2763 erant,
382 2711 441 2753 nec
455 2689 574 2754 reditus
588 2694 804 2774 superstitibus
822 2705 895 2754 ante
914 2711 1029 2753 annum
1046 2691 1106 2753 603
1122 2707 1286 2752 concessus
1303 2699 1359 2750 est.

268 2778 359 2871 [Rem
375 2802 519 2853 accurate
532 2787 676 2852 narravit
686 2789 835 2875 Polybius
847 2789 945 2866 XXX,
961 2788 1015 2852 102
1034 2789 1151 2863 XXXI,
1168 2789 1204 2862 83
1224 2785 1356 2861 XXXll,

265 2885 326 2946 tet
339 2889 374 2961 9;
390 2889 533 2962 XXXlll,
549 2891 561 2950 1
576 2903 609 2952 et
621 2891 671 2952 13.
687 2890 777 2950 Boii.
792 2912 824 2973 p.
842 2885 931 2978 tou]
954 2891 1021 2953 Hoc
1039 2888 1134 2969 igitur
1150 2907 1231 2951 anno
1248 2887 1364 2950 oratic·-

263 3005 334 3046 nem
345 2986 455 3051 babuit
465 2988 554 3052 Cato.

305 3087 426 3150 Gellius
436 3091 479 3166 ΙΙ,
496 3094 533 3153 6ο
550 3093 593 3153 Μ.
604 3089 682 3156 Cato
698 3093 731 3155 in
749 3090 901 3167 oratione,
919 3111 1010 3174 quam
1026 3081 1065 3155 de
1081 3093 1201 3161 Achaeis
1214 3086 1338 3174 scripsit
1350 3112 1365 3134 ··

267 3183 404 3270 Cumque
412 3187 565 3248 Hannibal
572 3205 690 3250 terram
698 3191 824 3254 Italiam
835 3190 985 3250 laceraret
992 3207 1082 3276 atque
1092 3204 1233 3252 vexaret.

306 3285 373 3346 Hoc
390 3285 596 3366 fragmentum
613 3308 651 3351 ex
669 3292 709 3352 Α.
724 3291 827 3354 Gellio
845 3301 1000 3353 mutuatus
1018 3277 1065 3354 est
1080 3287 1218 3359 Macrob.
1231 3288 1362 3353 Satura..

263 3381 316 3457 Vl,
329 3383 360 3454 l,
372 3395 464 3466 atque
474 3385 601 3450 Servius
613 3389 651 3450 ad
660 3389 748 3470 Virg.
760 3389 867 3474 Eolog.
880 3391 934 3466 tt,
949 3391 1009 3457 16..

193 3571 237 3644 55
504 3581 557 3643 ts.
580 3562 702 3658 ostric,
719 3603 758 3644 ur
772 3601 840 3656 Quis
853 3601 898 3642 ars
911 3598 1021 3642 cossus
1034 3597 1117 3641 rtur.

308 3745 410 3827 Quum
431 3766 497 3810 mos
510 3747 702 3810 invalescere
724 3747 879 3828 coepisset,
899 3745 1159 3832 eumdem-virum
1179 3745 1248 3826 plus
1268 3742 1360 3806 semsi

267 3843 422 3906 consulari
435 3846 569 3929 imperio
581 3844 731 3918 ornandi,
747 3863 831 3907 anuo
846 3844 914 3907 603.
922 3845 972 3905 lex
985 3842 1107 3905 videtur
1120 3863 1160 3906 ex
1174 3840 1356 3906 auctoritate

266 3955 391 4004 mustus
403 3943 484 4014 lata,
501 3961 540 4004 ne
556 3943 625 4024 quis
638 3941 810 4003 biscousul
822 3939 930 4003 fieret..
948 3939 1037 4002 lllud.¹
1046 3953 1148 4004 autem
1162 3938 1357 4022 optimatibus

267 4043 467 4104 uehementer
476 4054 599 4120 gratum
608 4055 687 4117 erat,
700 4061 741 4103 ne
754 4042 931 4105 consulatus
945 4061 1024 4124 saepe
1035 4044 1069 4106 iu
1080 4041 1216 4124 plebeios
1226 4041 1360 4104 homines

268 4141 429 4215 transiret,
445 4141 500 4202 sod
520 4141 603 4206 inter
625 4141 770 4222 exiguum
789 4140 937 4208 nobilium
959 4153 1122 4210 numerum
1139 4140 1360 4210 instaurem
