2954 4840
753 311 833 392 318,

279 447 385 511 Festus
404 447 523 530 :Suflss
546 445 664 536 dicltus
689 454 859 515 Poeuorutu
888 446 1119 538 maglistratus.
1139 445 1278 514 Calidius
1303 451 1342 513 in

235 549 370 606 oratione
388 541 432 636 [in
451 547 492 628 Q.
522 545 704 638 Cceci]lium
721 575 732 607 .·
752 550 856 611 Nonne
877 548 976 619 vobis,
991 542 1148 635 j[udices,
1173 546 1290 639 iguem]
1308 564 1344 608 et

225 643 502 828 {ffifflequi
514 660 545 706 et
563 641 877 733 [fiammojvideturi
890 648 1019 708 Senatus
1037 643 1171 734 consinii
1184 648 1341 727 referenti·

274 907 307 972 Q.
325 906 472 978 Cardiam]
493 909 634 984 legendum
654 911 765 964 fortasse
782 911 808 962 in
823 911 856 976 Q.
880 909 1005 962 Gallium.
1025 911 1133 976 [Recte3
1150 910 1239 964 Coecr‘l.
1253 909 1287 962 ab
1300 909 1340 962 iu·

308 992 500 1047 muratoribus
514 993 587 1046 Festi
598 999 663 1062 sst.]
1372 1005 1374 1010 '

272 1140 391 1211 Srffeit'r]
410 1163 459 1216 pro
475 1144 626 1200 Sufetlhus.
648 1145 680 1198 lu
698 1146 788 1200 codice
805 1144 952 1200 Basilssusi
973 1145 1107 1218 Epitourss
1128 1143 1201 1198 Festi
1221 1143 1343 1197 Puuliusc

308 1228 408 1300 legitur
430 1251 437 1283 ι
453 1230 532 1301 Sufes
544 1232 637 1284 consul
648 1232 738 1305 lingua
748 1233 896 1284 Pomorum.
913 1231 1023 1285 &catos
1040 1228 1138 1302 eisqui,
1154 1229 1269 1284 Senatus
1282 1249 1341 1283 cca-

311 1313 366 1364 rut't
376 1313 669 1388 referentrlussuffliis.
685 1316 731 1379 [At
744 1313 790 1366 alii
803 1312 879 1366 codd.
897 1332 939 1384 ap.
957 1312 1169 1365 Lindemauuum
1181 1324 1253 1364 recte
1268 1310 1342 1364 Cali-

308 1394 400 1462 diua]

279 1543 346 1606 Cic.
363 1547 451 1605 Brut.
475 1564 505 1606 c.
521 1544 574 1619 80,
591 1546 652 1608 277
670 1567 679 1606 z
699 1545 839 1621 Memini,
856 1565 926 1609 cum
947 1546 1086 1610 Calidius
1102 1551 1134 1604 in
1147 1549 1341 1606 accusatione

238 1663 293 1701 suo
311 1641 352 1723 Q.
370 1639 476 1705 Gallio
491 1639 618 1706 crimini
642 1644 786 1720 dedisset,
816 1645 877 1706 sibi
899 1664 970 1708 eum
991 1663 1146 1707 venenum
1161 1643 1337 1725 paravisse,

236 1739 327 1821 idque
337 1760 357 1802 a
368 1759 401 1802 se
411 1760 476 1804 esse
488 1741 711 1824 deprehensum
718 1763 845 1825 seseque
857 1742 1079 1827 chirographa,
1093 1735 1337 1816 testificationes,

236 1838 367 1915 iudicia,
393 1843 572 1924 quaestiones
592 1845 786 1908 manifestam
806 1865 873 1906 rem
893 1843 1013 1908 deferre
1032 1843 1165 1914 diceret,
1192 1841 1289 1924 deque
1303 1859 1340 1903 eo

238 1943 370 2008 crimine
385 1958 532 2008 accurate
545 1959 577 2008 et
591 1944 743 2028 exquisite
758 1947 990 2029 disputavisset,
1005 1941 1100 2007 mein
1113 1943 1339 2025 respondendo,

239 2063 309 2106 cum
319 2064 417 2107 essem
426 2059 670 2124 argumentatus,
687 2059 835 2129 quantum
849 2067 900 2108 res
916 2045 1047 2121 larebat,
1063 2045 1234 2126 hocipsum
1246 2043 1341 2105 etiam

237 2141 372 2222 posuisse
386 2161 443 2224 pro
457 2155 653 2222 argumento,
675 2144 757 2224 quod
771 2143 836 2217 ille,
853 2165 922 2207 cum
937 2155 1055 2226 pestem
1073 2143 1185 2226 capitis
1197 2142 1255 2218 sui,
1271 2161 1342 2203 cum

237 2231 353 2299 indicia
374 2238 483 2299 mortis
496 2259 529 2300 se
549 2240 735 2322 comperisse
754 2240 916 2302 manifesto
930 2253 962 2302 et
976 2259 1071 2302 manu
1086 2252 1195 2303 tenere
1209 2238 1344 2313 diceret,

237 2344 301 2394 tam
311 2331 409 2398 solute
422 2334 545 2416 egisset,
560 2347 624 2398 tam
634 2335 761 2413 leuiter,
775 2349 837 2400 tatu
851 2338 1032 2400 oscitanter.

276 2471 309 2536 Q.
330 2469 435 2538 Gallio]
453 2471 573 2526 Calidius
593 2475 726 2527 accusavit
750 2475 785 2542 Q.
799 2473 920 2528 Gallium
935 2493 960 2527 a.
975 2476 1009 2528 U.
1034 2475 1095 2535 689,
1118 2472 1268 2543 Supersunt
1288 2469 1341 2524 lra-

312 2567 417 2627 gmeuta
433 2575 466 2609 ex
480 2557 617 2610 Ciceronis
635 2559 761 2612 Oratione
772 2578 821 2630 pro
834 2563 868 2629 Q.
883 2557 983 2620 Gallio,
996 2576 1029 2610 ex
1047 2555 1146 2627 quibus
1158 2572 1244 2608 causta
1259 2566 1342 2606 uatu-

312 2661 367 2695 ram
377 2638 536 2716 reposeens
549 2664 701 2716 possumus.
715 2645 808 2699 Cicero
821 2657 878 2699 tum
896 2642 1052 2698 consulatus
1064 2642 1221 2696 candidatus
1232 2641 1293 2694 fuit.

279 2770 501 2848 Fragmentum
517 2770 654 2853 ejusdem
669 2771 819 2833 orationis
844 2784 945 2834 exstat
961 2771 1041 2855 apud
1062 2770 1209 2846 Nonium,
1237 2786 1342 2849 quam·

240 2887 332 2951 quam
346 2865 391 2929 ibi
402 2867 498 2931 index
507 2870 659 2931 orationis
671 2867 750 2931 alius
764 2882 821 2943 est,
835 2883 867 2932 et
878 2870 992 2951 legitur
1008 2871 1156 2931 Claudios
1166 2874 1198 2928 in
1210 2869 1248 2952 Q.
1265 2869 1342 2928 Gal-

237 2969 300 3026 lum
305 2993 321 3044 ,·
336 2985 374 3030 ea
383 2968 422 3030 de
435 2987 471 3029 re
481 2966 546 3050 jam
565 2987 657 3054 supra
677 2973 709 3026 in
729 2969 854 3030 Claudio
881 2971 1093 3052 Quadrigario
1115 2989 1147 3052 p.
1170 2969 1228 3032 167
1245 2965 1343 3030 locuti

237 3084 353 3126 sumus.

282 3167 321 3226 ln
330 3163 400 3229 Cic.
414 3165 512 3246 Epist.
530 3166 568 3228 ad
583 3163 695 3226 Famil.
710 3186 779 3240 mu,
794 3170 824 3241 9,
841 3165 1142 3233 Coelius'Cicerouie
1159 3165 1295 3225 Calidius
1310 3169 1343 3223 in

238 3267 415 3348 defensione
429 3287 483 3326 sua
488 3267 557 3347 fuit
568 3267 802 3341 disertissimus,
816 3272 850 3326 in
863 3274 1058 3329 accusatione
1067 3272 1143 3329 sotis
1146 3267 1298 3348 frigidm.

275 3418 302 3470 io
312 3417 467 3486 defensore]
488 3436 548 3471 cum
565 3431 706 3472 accusatus
718 3431 776 3472 erat
789 3419 922 3485 aGalliis,
936 3419 1042 3472 duobus
1055 3418 1180 3472 frutribus
1190 3436 1214 3470 a.
1228 3416 1263 3470 ll.
1278 3418 1341 3470 702.

309 3504 366 3556 Cic.
383 3503 469 3576 Epist.
485 3503 517 3556 ad
531 3505 604 3556 Bam.
620 3503 695 3569 Vlll,
713 3505 738 3557 l.

237 3653 264 3706 in
277 3653 453 3724 accuratione]
472 3657 603 3728 cumipse
616 3668 752 3710 accusarat
765 3660 799 3725 Q.
814 3654 934 3709 Gallium
950 3673 975 3706 a.
989 3657 1021 3707 U.
1039 3656 1100 3710 689.

139 3809 206 3883 201
278 3813 328 3872 De
342 3812 434 3874 domo
450 3813 609 3876 Ciceronis
623 3812 704 3874 dixit
714 3811 853 3876 Calidius
866 3767 1102 3875 exercitationis
1121 3812 1234 3892 gratia,
1251 3819 1286 3868 ut
1305 3805 1342 3868 iu

235 3910 369 3999 Quintil.
382 3915 424 3989 X,
440 3913 470 3988 l,
485 3915 537 3989 23,
549 3912 693 3993 legimus.

272 4051 305 4102 ds
316 4053 392 4102 domo
404 4049 540 4117 Ciceronis]
550 4048 603 4100 vid.
614 4047 763 4100 Markland.
773 4047 806 4100 ud
815 4049 900 4101 Cicer.
911 4050 998 4101 Orutt.
1009 4067 1045 4115 tv,
1055 4045 1155 4124 praeiet.
1167 4067 1194 4118 p.
1206 4061 1287 4097 sautu
1296 4041 1342 4097 ed.

307 4132 393 4186 Wolf.
404 4133 563 4186 etGaraton.
576 4131 609 4184 ad
618 4134 693 4184 Orat.
705 4130 737 4184 dc
746 4130 855 4204 harusp.
868 4151 941 4204 resp.
953 4153 976 4186 c.
990 4135 1016 4186 6.
