2904 4840
644 343 689 414 83

1 537 2 554 ,
122 501 208 542 reim
222 493 325 544 actum
338 477 442 542 luisse.
459 479 632 546 Dissentire
643 496 674 544 et
683 503 768 546 suam
777 485 1216 568 11111111111111111111111111(111111111

122 581 169 640 vis
183 599 244 640 non
259 574 385 639 disertis
398 574 685 660 1111111)ἡά11111111
697 599 827 660 magnus
838 579 1041 643 Ruhnkenius
1054 583 1093 640 ad
1103 582 1213 646 Vellei.

121 677 163 745 11,
178 671 230 747 68,
247 675 285 736 de
299 669 434 738 confusis
443 674 535 736 cetu
549 687 580 740 et
597 675 724 738 Coecils'i
737 677 913 740 nominibus
926 697 1032 755 agens
1055 673 1218 756 Componit

83 832 86 837 .
121 773 202 834 locos
216 769 375 833 Pliniauos
388 773 427 834 H.
443 773 515 834 Nat.
525 774 598 848 Vll,
619 772 673 846 49,
699 786 732 836 et
750 775 880 846 XXVll,
898 774 935 848 23
958 773 1011 854 qui
1031 773 1077 834 sic
1096 771 1209 834 habet:

119 868 182 928 Hoc
193 866 370 951 (aconitum)
374 864 445 952 {fiat
458 888 620 938 venenum,
633 891 691 955 quo
705 877 924 950 sisteremptasa
939 869 1101 948 Calpurnio
1112 869 1217 927 bestia

119 987 232 1026 uxores
256 965 305 1024 M.
332 964 473 1024 Caecilt'us
497 981 657 1024 accusator
681 963 806 1045 objecit.
837 967 905 1026 Nun
931 966 1068 1039 faceret,
1096 966 1214 1039 credo,
1273 994 1276 1000 ·

119 1064 331 1137 Ruhnkenius,
348 1063 409 1124 nisi
430 1064 469 1124 de
489 1076 600 1124 nostro
610 1063 708 1124 Coelio
725 1062 889 1142 cogitaret.
916 1065 994 1126 Nam
1015 1062 1042 1126 ai
1061 1065 1140 1128 alius
1159 1076 1217 1135 est,

61 1144 64 1152 ⁵
120 1163 192 1243 quid
206 1162 317 1236 relert,
337 1153 459 1222 'numini
478 1159 585 1238 ignoto
599 1158 739 1240 ignotum
752 1160 959 1222 substituere?
980 1163 1136 1224 Praeterea
1150 1163 1219 1226 Cal·

118 1262 265 1342 purninm
275 1256 441 1342 quemdam·
448 1254 584 1318 Bestiam
596 1268 763 1338 pretorem
778 1271 934 1340 petentem
949 1258 988 1320 de
1002 1257 1119 1320 ambitu
1133 1280 1219 1322 aecu-

116 1372 221 1420 satum
236 1358 349 1418 scimus
366 1353 426 1420 Cu.
445 1353 587 1427 Lentulo,
602 1357 642 1418 L.
655 1356 798 1440 Philippo
809 1355 895 1418 Coss.
915 1377 945 1420 a.
963 1357 1037 1420 691.
1054 1357 1133 1421 Vide
1147 1357 1213 1420 Cic.

118 1462 198 1540 Epp.
216 1458 254 1518 ad
265 1457 305 1539 Q.
325 1454 416 1515 fratr.
429 1455 474 1529 11,
496 1455 526 1516 3.
552 1458 668 1519 Verum
683 1454 710 1518 si
724 1477 760 1519 ea
771 1455 1128 1533 Ruhnkeniimensluit,
1140 1461 1219 1540 quod

117 1575 176 1638 pro
191 1566 278 1620 certo
291 1570 409 1634 ponere
423 1570 488 1614 non
507 1552 615 1629 ausim,
638 1553 738 1616 refelli
759 1556 825 1618 haec
846 1553 1024 1636 conjectura
1044 1554 1161 1638 poterit
1181 1577 1220 1618 ex

119 1655 271 1720 Oratione
285 1672 343 1736 pro
355 1651 453 1715 Coelio
468 1671 499 1714 c.
513 1653 564 1716 32.
579 1651 768 1738 Respublica
780 1652 865 1718 enim
880 1656 955 1718 duas
970 1676 989 1718 a
1003 1657 1046 1716 Μ.
1060 1656 1158 1722 Coelio
1172 1679 1223 1722 ac·

120 1752 292 1816 curationes
305 1748 423 1812 habere
437 1748 550 1812 dicitur
563 1762 710 1832 tanquam
724 1749 947 1816 benevolentiae
955 1753 1099 1834 pignora.
1115 1756 1220 1837 Quare

121 1853 246 1916 tertiam
256 1847 348 1916 Coelii
362 1849 589 1916 accusationem
602 1865 672 1934 post
683 1872 712 1914 a.
727 1855 787 1917 699
802 1854 915 1916 factam
930 1872 997 1916 esse
1010 1867 1143 1936 oportet.
1160 1858 1217 1918 Ne-

121 1975 180 2036 que
190 1955 298 2036 deAp.
311 1951 451 2027 Claudio,
464 1953 532 2031 lege
544 1950 706 2016 Scantinia
716 1955 882 2037 postulato,
895 1953 1113 2034 cogitandum
1129 1976 1219 2036 quam

122 2055 289 2129 actionem,
311 2048 454 2114 terrendi
475 2050 609 2115 hominis
630 2066 930 2138 eausasusceptam,
955 2053 1072 2136 abjecit
1092 2053 1218 2131 Coelius,

121 2167 279 2238 postquam
294 2154 486 2218 voluntatem
505 2151 571 2234 ejus
584 2167 734 2218 mutatam
748 2156 837 2220 vidit.
862 2155 938 2218 Mihi
952 2175 1028 2218 vero
1042 2176 1219 2239 persuasum

122 2263 185 2326 est,
209 2248 375 2331 significari
395 2249 436 2331 Q.
458 2247 636 2332 Pompeium
656 2253 784 2329 Rufum,
805 2253 966 2336 tribunum
986 2253 1085 2335 plebis
1097 2253 1168 2329 tot,
1186 2251 1219 2316 in

122 2367 214 2414 causa
224 2345 393 2410 Miloniana
407 2341 678 2410 seditiosissimum.
696 2351 786 2410 Hune
801 2350 980 2414 damnatum
990 2349 1066 2412 etin
1076 2351 1218 2411 exsilium

119 2447 253 2530 ejectum
263 2469 302 2510 ex
314 2446 441 2510 Asconii
450 2449 640 2526 Argumento
656 2445 832 2510 Milonianae
849 2448 979 2523 scimus;
991 2451 1219 2532 exsulatumque

119 2567 189 2610 esse
202 2545 303 2609 Baulis
315 2546 429 2610 Coelius
449 2543 514 2628 ipsc
532 2541 566 2608 in
581 2543 663 2628 Epp.
680 2546 719 2607 ad
733 2542 819 2608 divv.
831 2548 919 2620 Vlll,
934 2548 963 2623 l,
983 2543 1111 2620 scribit,
1134 2561 1167 2608 et
1186 2548 1218 2608 in

121 2642 232 2708 tsltima
245 2657 378 2724 egestate
398 2665 416 2706 a
431 2663 497 2706 sese
511 2643 715 2706 sublevatum.
741 2644 808 2706 Hoc
825 2639 1110 2726 explieatValerius
1124 2646 1219 2706 Maxi·

121 2765 190 2806 mus
199 2747 255 2820 lv,
267 2743 301 2820 2,
311 2745 340 2806 1.
356 2741 466 2824 Coegit
474 2746 559 2806 enim
569 2743 683 2808 Coelius
695 2756 829 2806 matrem
839 2743 1018 2808 Corneliam
1031 2743 1145 2825 predia
1159 2764 1219 2808 suae

121 2844 362 2908 fideicommissa
372 2843 437 2910 lilio
447 2846 588 2910 reddere.
604 2847 673 2928 Quo
686 2845 755 2910 loeo
763 2845 907 2909 Valerius
916 2841 1083 2928 questione
1095 2845 1220 2926 publica

122 2943 247 3006 aCoelio
253 2956 439 3026 prostratum
450 2944 627 3026 Pompeium
635 2944 754 3021 dicens,
766 2945 823 3016 sic,
836 2957 871 3005 ut
885 2943 1027 3017 diximus,
1043 2941 1218 3024 intelligen-

121 3041 180 3102 dus
192 3053 253 3118 est,
278 3061 337 3103 nec
357 3042 396 3102 de
415 3041 476 3105 alio
490 3043 594 3106 nescio
608 3063 668 3125 quo
683 3043 781 3105 Coelio
795 3042 1002 3122 cogitandum.
1013 3075 1055 3088 —
1066 3041 1219 3124 Quorsum

122 3140 217 3218 igitur
226 3143 324 3206 verba
336 3141 391 3202 illa
399 3141 489 3204 Coelii
504 3145 542 3206 de
552 3145 593 3206 D.
607 3144 700 3206 Lmlio
710 3145 789 3225 apud
798 3140 1026 3227 Quintilianum
1037 3140 1221 3204 referenda?

121 3238 245 3309 Nescio,
260 3241 314 3301 sed
327 3239 367 3299 ad
381 3236 551 3311 Coelianam
572 3240 606 3302 in
627 3242 800 3302 accusando
813 3238 1039 3302 vehementiam
1059 3257 1121 3301 non
1145 3258 1219 3300 sane

113 3333 280 3416 ,pertinere
289 3335 473 3399 videntur...

166 3431 218 3492 63.
242 3431 280 3494 C.
295 3432 436 3495 Licinius
452 3429 559 3498 Calvus
572 3443 661 3512 patre
675 3431 845 3496 C.1.ieinio
866 3433 971 3498 Macro
991 3447 1081 3496 natus
1100 3453 1130 3495 a.
1145 3433 1218 3506 611,

122 3529 262 3612 quamvis
274 3530 368 3594 vitam
383 3533 538 3616 disparem
549 3530 689 3610 gesserit,
704 3542 737 3593 et
750 3545 878 3614 propter
892 3531 1123 3602 abstinentiam,
1135 3532 1219 3594 vite·

123 3645 182 3708 que
195 3626 402 3704 sanctitatem,
424 3623 529 3694 omnia
548 3647 666 3691 summa
686 3628 820 3710 potuerit
842 3648 979 3723 sperare,
995 3640 1099 3690 tamen
1113 3629 1218 3692 eudem

121 3724 229 3801 ferme,
244 3742 304 3806 quo
315 3727 441 3805 Coelius,
456 3739 795 3810 tempurepraematura
809 3741 909 3792 morte
925 3728 1070 3810 abreptus
1079 3725 1215 3792 videtur.

122 3826 189 3888 Etsi
204 3844 317 3888 nomen
332 3826 522 3890 contrarium
536 3846 666 3910 arguere
683 3827 816 3906 videtur,
839 3847 903 3890 non
921 3841 1025 3889 tamen
1040 3840 1125 3890 ortus
1140 3839 1219 3891 este

122 3938 229 3990 vetere
250 3922 445 3991 Liciniorum
463 3929 629 3992 Caltorum
649 3941 760 4010 gente,
785 3948 851 4012 quas
870 3927 1061 4009 plebeiarum
1085 3928 1219 3992 omnium

124 4019 309 4086 nobilissima
328 4024 388 4087 hoe
409 4022 541 4106 prinum
557 4023 738 4106 cognomine
751 4044 807 4086 usa
821 4035 878 4086 est.
903 4027 981 4089 Nam
1002 4039 1092 4108 patre
1114 4028 1220 4086 llacro

125 4129 223 4194 ortus,
232 4139 249 4218 a
258 4121 550 4208 nonnullisutroque
559 4121 692 4198 nomine,
704 4137 735 4185 et
745 4122 889 4186 illuceret
898 4121 1020 4196 Caluus,
1034 4119 1217 4202 appellatur.
