2916 4838
158 497 264 567 jactui]
283 496 310 546 in
327 493 392 548 edu.
412 495 477 548 152ss
497 492 623 564 legimus:
643 493 774 546 Claudum
786 497 903 544 Matiane
919 496 946 544 in
961 491 1087 561 Quintum
1102 494 1229 548 Gallum:

203 582 323 652 (luuram
339 584 428 655 jacent
450 599 557 633 nrurena
575 581 633 633 utta
652 581 745 632 horrea
766 585 889 653 curiaque
908 593 935 632 et
954 580 1092 632 tabulariis
1110 585 1228 652 publt'ccr.

201 667 325 740 Ejusdem
336 671 435 738 generis
447 664 603 729 tabularum,
611 683 662 736 quo
677 677 702 716 et
714 663 821 718 horreas
834 664 944 716 disin-
953 665 1086 724 Mercerus
1095 669 1229 718 emendat:

147 811 151 822 Ι
201 775 214 800 a
227 751 347 823 Quorum
355 753 448 825 jacent
461 757 543 813 muri,
558 752 634 804 nulla
645 752 747 804 horrea.
770 753 803 804 Et
819 764 889 803 errat
901 750 1019 814 Nonius,
1039 751 1084 822 qui
1104 751 1231 822 singulari

200 840 314 908 positum
331 851 431 892 censet.
446 861 459 887 a
471 868 503 878 -
523 839 704 912 Gothofretlus
716 858 793 891 vero:
814 840 932 910 (luorum
944 840 1036 912 jacent
1054 843 1134 901 nturi,
1150 839 1232 895 villa,

202 923 303 988 horrea,
313 935 363 974 etc.
379 925 477 996 Popnta
485 923 565 976 dicit:
578 945 591 972 a
601 926 681 996 Lego,
692 924 811 996 Quorum
817 925 909 997 jacent
920 929 998 990 nturi,
1007 942 1053 976 nee
1063 923 1118 976 ulla
1127 921 1230 974 horrea.

201 1004 280 1074 Quod
290 1016 453 1076 postremum
463 1006 593 1078 singulari
600 1023 714 1059 numero
722 1018 749 1058 et
756 1023 852 1078 genere
860 1005 988 1058 feminino
995 1010 1122 1076 positum,
1131 1006 1233 1058 Nonius

201 1110 336 1162 perperam
346 1104 445 1144 censet.
462 1094 503 1144 An
514 1104 601 1144 autem
612 1089 694 1164 hujus
706 1093 833 1146 orationis
845 1105 935 1144 auctor
948 1091 1191 1163 sitQuadrigarins,
1200 1112 1233 1146 aa

201 1177 270 1232 alius
280 1179 420 1245 Claudius,
431 1179 531 1232 nescio.
541 1201 554 1229 s
565 1182 626 1252 Ego
637 1180 718 1232 Nonii
729 1179 844 1232 indicem
852 1179 981 1232 orationis
992 1180 1030 1232 sic
1042 1179 1234 1232 emendandum

200 1266 338 1319 existimo:
349 1266 468 1320 Calidius
481 1273 509 1320 in
519 1272 634 1322 cranone
645 1272 673 1320 in
683 1267 813 1339 Quintum
826 1269 952 1322 Gallium.
959 1297 988 1306 ·-
995 1265 1174 1318 eetebeatma
1184 1270 1234 1320 t'uit

201 1349 353 1406 illaCalidii
367 1351 444 1414 aetio,
459 1350 554 1402 summi
568 1350 689 1416 oratoris,
699 1349 726 1402 in
738 1369 791 1422 qua
800 1350 893 1402 Cicero
906 1369 979 1402 reum
991 1347 1119 1411 defendit,
1131 1361 1160 1400 ut
1173 1349 1235 1420 logi-

202 1451 261 1484 mus
275 1432 302 1483 in
316 1433 398 1485 Bruto
410 1453 433 1484 c.
444 1436 488 1497 80,
500 1427 562 1489 277.

170 1558 307 1640 AEqualis
323 1560 379 1624 luit
392 1557 620 1644 Quadrigarius
635 1561 777 1624 Sisennae
791 1580 830 1622 ex
840 1561 957 1624 Velleio
973 1561 1016 1634 ll,
1035 1561 1066 1633 9,
1086 1563 1116 1632 5,
1137 1557 1233 1622 inter·

121 1656 206 1738 jecto
224 1659 308 1720 inter
328 1669 451 1718 estatem
469 1657 601 1742 Sulpicii
621 1669 653 1718 et
681 1655 858 1730 Hortensii,
883 1671 960 1718 teste
975 1658 1129 1720 Cicerone
1146 1660 1232 1720 Brut.

123 1777 155 1819 c.
170 1756 222 1819 61.
241 1761 278 1820 V·
292 1759 466 1836 Schweiglt.
483 1760 523 1819 ad
537 1759 645 1836 fragm.
664 1757 800 1838 Appiani
816 1758 863 1818 De
879 1757 970 1820 rebus
981 1757 1066 1820 Gall.
1080 1758 1153 1820 vell.
1168 1761 1230 1830 ΙΙΙ,

127 1881 160 1941 p.
176 1858 247 1920 172.

488 1989 612 2060 ΙΙΙΙΙ.
640 1991 681 2062 L.
698 1988 860 2060 Sisenna.

449 2098 645 2198 [Ellendt.
678 2127 714 2198 p.
745 2099 789 2172 72
824 2101 910 2199 sq.]

170 2277 236 2342 Cic.
247 2278 336 2346 Brut.
349 2300 378 2342 c.
393 2277 445 2352 64,
459 2279 539 2342 228:
555 2277 717 2343 lnlerioris
729 2278 867 2364 aetatis(i·
879 2303 908 2344 e·
918 2296 989 2363 post
1000 2280 1227 2364 P.Sulpieium‚

128 2374 253 2438 Cottam
267 2391 299 2440 et
311 2377 496 2460 Curionem)
510 2390 581 2438 erat
599 2378 757 2458 proximus
771 2380 805 2439 L.
821 2375 969 2453 Sisenna,
994 2380 1103 2441 doctus
1123 2378 1185 2453 vir,
1204 2391 1234 2437 ct

125 2471 236 2534 studiis
251 2471 375 2554 optimis
390 2474 525 2547 deditus,
543 2474 622 2534 bene
641 2473 739 2534 latine
757 2474 903 2552 loquens,
923 2495 1017 2536 narus
1033 2475 1230 2556 reipublicae,

128 2595 190 2636 non
205 2575 271 2634 sine
284 2573 420 2646 facetiis,
443 2576 497 2635 sed
512 2594 613 2654 neque
626 2574 742 2636 laboris
756 2573 845 2636 multi
862 2595 920 2636 neo
940 2575 1014 2636 satis
1033 2590 1174 2638 vorsatus
1199 2578 1234 2640 in

126 2671 277 2743 armis—
286 2671 322 2734 C.
337 2672 389 2747 li,
406 2672 484 2736 260:
501 2671 633 2736 Sisenna
646 2683 762 2746 autem,
779 2666 866 2752 quasi
881 2671 1062 2732 emendator
1077 2673 1230 2733 sermonis

128 2773 231 2834 usitati
246 2794 316 2836 eum
330 2792 396 2836 esse
411 2773 514 2848 vellet,
534 2772 764 2836 uenenato
784 2771 908 2853 quidem
928 2784 1110 2834 accusatore
1131 2773 1231 2833 deter-

130 2873 195 2935 reri
219 2869 333 2953 potuit,
344 2872 507 2953 quominus
520 2867 677 2948 inusitatis
692 2871 799 2935 verbis
812 2882 963 2934 uteretur.
980 2867 1136 2952 Quidnam
1151 2871 1231 2934 istuc
1262 2867 1328 2939 168
1350 2929 1356 2938 .

127 2984 176 3032 est
185 2971 199 3032 l
209 2971 308 3052 inquit
319 2973 444 3044 Brutus,
458 2983 510 3036 aut
523 2967 590 3052 quis
604 2982 650 3032 est
660 2967 723 3034 iste
738 2969 775 3034 C.
790 2963 924 3032 Rusiusi
937 2971 977 3032 Et
989 2969 1053 3042 ille,
1063 2967 1133 3030 Fuit
1142 2990 1232 3032 accu-

126 3084 224 3144 sator,
234 3069 347 3156 inquit,
360 3085 459 3142 vetus,
469 3091 530 3152 quo
543 3083 708 3134 accusante
719 3071 755 3134 C.
766 3071 916 3133 Rutilium
927 3069 1059 3133 Sisenna
1070 3069 1235 3132 defendens

130 3170 216 3242 dixit,
230 3171 368 3251 quaedam
379 3169 446 3251 ejus
459 3171 636 3252 sputatilica
650 3190 717 3232 esse
732 3167 878 3232 crimina.
895 3171 973 3230 Tum
984 3167 1022 3232 C.
1034 3169 1157 3242 Rusius,
1168 3169 1235 3232 Cir·

132 3268 322 3341 oumvenior,
341 3267 454 3348 inquit,
469 3264 603 3347 judices,
619 3267 679 3328 nisi
692 3267 878 3329 subvenitis.
901 3265 1033 3328 Sisenna
1047 3264 1123 3345 quid
1138 3261 1232 3340 dicat,

132 3370 254 3431 nescio:
273 3383 376 3432 metuo
391 3365 529 3430 iusidias.
548 3366 742 3450 Sputatilica,
755 3369 827 3450 quid
843 3381 891 3430 est
905 3369 962 3430 hoc
973 3365 1085 3449 isputa
1097 3365 1170 3446 quit
1180 3367 1232 3438 sit,

127 3470 206 3540 scio,
218 3469 304 3534 tilica
318 3471 439 3534 nescio..

166 3607 197 3659 C.
209 3609 300 3674 llario]
312 3629 337 3662 v.
347 3608 504 3662 Weichertii
517 3608 625 3660 Dissert.
638 3609 676 3660 De
684 3607 766 3660 Calvo
776 3628 802 3680 p.
817 3610 875 3660 101.

169 3713 201 3766 C.
219 3713 354 3781 llartilritm]
371 3714 416 3784 qui
435 3715 462 3766 in
475 3717 557 3767 Bruto
568 3714 624 3767 Cic.
640 3735 664 3767 c.
680 3717 714 3768 40
731 3728 758 3768 et
773 3718 802 3768 in
818 3715 985 3768 Divinatione
1005 3716 1034 3768 in
1050 3711 1141 3769 Coecil.
1155 3739 1180 3770 c.
1198 3689 1227 3769 ll

140 3831 141 3836 ,
203 3797 336 3850 laudatur.
349 3797 461 3863 [Nullus
469 3799 549 3852 codex
562 3800 593 3854 C.
607 3799 749 3854 Rutilium:
764 3819 837 3872 paenc
849 3817 940 3852 omnes
949 3798 1104 3853 Chirtilium.
1115 3800 1236 3854 Ellendt.

202 3884 230 3937 in
240 3882 332 3935 Jahnit
345 3884 443 3938 ,tanat
453 3885 637 3940 novisPhilol.
653 3887 729 3950 teau,
740 3904 767 3956 p.
779 3887 827 3939 att
840 3885 933 3957 probat
947 3885 970 3938 si
985 3884 1115 3939 scribatur
1126 3886 1156 3939 G.
1169 3887 1234 3938 Hir·

200 3969 283 4020 tilium
294 3965 335 4020 vel
345 3967 501 4041 simpliciter
510 3971 672 4038 Hartman]

172 4093 306 4174 Quintil.
325 4097 349 4166 l,
369 4095 399 4166 5,
420 4093 475 4153 13:
490 4117 503 4148 a
518 4091 650 4156 Sisenna
665 4098 741 4158 alluit
754 4101 888 4156 assentio
905 4094 979 4178 (pro
995 4093 1200 4182 assensione).
1218 4121 1233 4154 a

133 4190 219 4252 ldem
233 4194 420 4256 exl'arrono
432 4191 551 4253 Gellius
563 4195 607 4265 ΙΙ,
621 4194 659 4254 25
673 4195 786 4257 attulit.
