2934 4846
643 379 688 425 xv

113 485 313 586 temporum
329 491 486 569 historici
508 493 614 587 longe
636 494 730 565 aliud
752 510 960 591 spectantes
969 495 1076 567 fidem
1097 497 1213 570 bisto-

107 615 223 687 ricam
243 614 290 685 ab
312 617 529 689 orationibus
552 619 679 690 abesse
700 641 805 716 posse
824 618 988 692 arbitrati
1010 637 1113 705 sunt,
1134 617 1214 694 eum

106 767 161 816 eae
173 749 318 818 nonnisi
330 748 373 820 ad
383 765 555 847 proecepta
564 750 680 828 danda
694 766 753 821 aut
768 751 936 828 adortum
954 752 1211 830 ostendendam

104 870 336 944 inservirent.
359 859 547 948 Plutarcho
566 899 651 946 vero
671 873 780 970 paule
803 877 969 970 majorem
993 878 1028 946 in
1050 878 1216 947 orationi-

104 990 180 1064 bus
201 992 245 1063 ab
268 1017 309 1064 eo
329 992 451 1066 relatis
477 995 583 1065 fidem
608 995 821 1064 tribuamus.
845 998 962 1092 Atque
987 1020 1212 1092 magnacum

101 1113 291 1211 voluptate
311 1139 404 1210 opus
424 1115 598 1198 inchoavi,
620 1113 776 1209 undique
791 1137 834 1183 ex
858 1115 1022 1186 omnibus
1038 1121 1214 1216 scriptori-

102 1240 176 1313 bus
190 1243 388 1336 fragmenta
403 1239 586 1336 colligens,
612 1241 695 1311 cum
720 1239 876 1337 quotidie
895 1263 1084 1312 numerum
1100 1245 1212 1318 multo

102 1373 231 1467 augeri
255 1371 422 1457 viderem,
447 1388 490 1443 et
508 1371 646 1468 judiciis
675 1371 719 1442 de
745 1369 949 1444 oratoribus
965 1373 1153 1450 Ciceronis
1173 1391 1212 1445 ct

100 1495 316 1588 Quintiliani
337 1495 577 1592 comparandis
594 1519 676 1566 cum
692 1495 775 1591 ipsis
795 1517 919 1565 eorum
931 1494 1212 1593 reliquiisvehc·

100 1639 244 1694 menter
264 1647 341 1694 sum
364 1621 515 1694 lactatus.
540 1623 643 1692 Nunc
668 1643 756 1692 vero
784 1620 947 1698 absoluto
976 1635 1013 1693 et
1035 1623 1080 1694 ad
1101 1622 1210 1704 linem

99 1743 281 1842 perducto
310 1769 417 1845 opere
450 1747 613 1842 gaudium
647 1769 758 1842 prope
787 1744 911 1816 dolore
944 1761 1206 1824 commutarant

102 1871 297 1941 cumcuim
312 1887 432 1943 mente
444 1873 575 1968 cogito,
595 1894 703 1968 quam
721 1870 764 1944 sit
782 1868 920 1946 diliiclle
935 1857 1102 1966 reliquias
1119 1870 1210 1944 tneo

100 2019 161 2066 ras
191 1997 401 2091 scriptorum
429 1995 690 2094 quodammado
720 1997 910 2068 restituere
941 1993 1208 2093 fragmentaque

100 2119 296 2212 integrare,
314 2095 460 2216 ecquam
474 2119 626 2192 multum
639 2118 731 2190 absit
746 2133 788 2189 ut
804 2116 885 2194 libri
901 2131 1057 2204 veteres,
1072 2119 1108 2187 in
1125 2119 1205 2216 qui-

101 2243 174 2314 bus
198 2241 393 2338 bagvnenta
413 2261 592 2316 oratorum
614 2243 741 2332 latent,
762 2244 836 2315 sint
860 2243 1071 2340 incorrupti,
1097 2257 1206 2340 atque

100 2373 246 2443 omnino
280 2373 315 2443 in
343 2371 514 2468 ejusmodi
535 2369 787 2470 scriptionibus
808 2395 886 2443 non
919 2370 1074 2468 amplius
1098 2374 1206 2468 quatri

98 2510 222 2587 posse,
241 2491 325 2590 quid
336 2517 458 2565 verum
471 2495 529 2579 sit,
543 2497 608 2565 sed
623 2495 657 2564 id
667 2509 819 2580 tantum,
837 2492 931 2589 qnod
946 2495 992 2563 sit
1004 2491 1202 2588 probabile,

97 2619 215 2714 majus
240 2626 329 2716 opus
348 2635 385 2690 et
404 2621 512 2714 magis
533 2619 680 2690 arduum
699 2633 848 2714 apparet
860 2638 955 2702 esse,
981 2639 1086 2711 quam
1106 2617 1205 2710 prin-

99 2741 191 2840 cipio
206 2743 291 2816 iore·
301 2745 589 2830 existimaveram,
611 2760 648 2815 et
661 2741 766 2838 longe
789 2762 890 2813 secus
905 2755 1011 2838 atquc
1025 2740 1061 2810 in
1077 2741 1203 2812 ceteris

97 2864 211 2937 rebus
225 2867 363 2938 initium
384 2869 499 2965 operis
508 2867 706 2963 jucundum
728 2865 936 2962 laetumque,
966 2863 1099 2934 exitum
1118 2887 1203 2936 vero

98 2990 343 3065 difficillimum
367 3019 443 3068 esse
463 2996 592 3070 sentio.
617 2993 707 3066 lllud
730 2995 820 3066 enim
842 2991 999 3064 odiosum
1014 3007 1083 3076 est,
1103 2992 1200 3087 quod
1302 3082 1307 3094 ·

97 3117 134 3186 in
151 3115 211 3187 tali
226 3141 267 3188 re
279 3141 360 3189 raro
376 3119 412 3189 in
426 3124 532 3191 certis
549 3118 762 3213 argumentis
779 3116 974 3201 innitimur,
993 3137 1060 3185 nec
1073 3116 1199 3187 verita-

98 3257 196 3328 tem,
216 3242 281 3314 sed
304 3245 458 3340 speciem
474 3259 608 3316 tantum
631 3243 785 3315 veritatis
809 3238 994 3336 explorare
1017 3237 1198 3337 multaque

97 3362 296 3460 fragmenta
311 3369 378 3439 nisi
401 3367 624 3444 divinationis
646 3367 847 3462 adjumento
868 3363 967 3435 nullo
996 3364 1102 3435 modo
1123 3362 1198 3433 illu-

99 3504 215 3562 strare
242 3516 443 3588 possumus.
469 3493 583 3585 Quam
601 3493 645 3562 sit
662 3507 780 3562 autem
801 3514 843 3563 ea
859 3515 916 3562 res
941 3487 1090 3575 lubrica,
1113 3512 1199 3586 prae·
1265 3543 1267 3547 -

99 3609 191 3684 clare
205 3637 322 3710 nuper
341 3613 386 3685 G.
411 3615 636 3685 Hermannus
652 3614 690 3683 in
708 3613 959 3684 Dissertatione
979 3611 1024 3682 de
1039 3609 1198 3706 AEschyli

98 3735 271 3834 Lycurgia
284 3737 465 3810 ostendit:
489 3769 504 3802 a
524 3741 600 3808 Nec
616 3747 743 3808 tenere
760 3713 1008 3809 horrblandam
1022 3746 1075 3806 est
1088 3736 1123 3807 in
1134 3761 1202 3807 an·-

99 3860 270 3954 tt'qurtatr's
277 3859 592 3960 pervestigatione,
613 3885 725 3958 neque
741 3885 866 3931 carere
890 3857 1107 3932 dimicationis
1128 3858 1193 3928 ad-

36 3979 38 3984 ’
98 3985 250 4056 iumento
258 4011 459 4085 possamus,
475 3986 595 4077 Quare
609 3983 818 4068 curandurrt,
834 3998 881 4075 ut,
901 3981 1064 4080 obt'qcid
1077 3984 1197 4076 const*
