2954 4840
778 331 846 403 att

261 493 327 544 tum
343 483 376 544 iu
391 483 539 562 ingenius
557 475 699 560 uorpmis
713 474 890 556 magnitudo
905 471 1088 554 conspicua,
1105 469 1240 530 maritas
1255 469 1361 530 valcu-

261 577 387 642 tissimoe
401 579 523 641 roob...
548 577 669 638 Deinde
682 576 764 657 ipsa,
782 589 850 654 qum
863 570 1004 645 dicebat,
1021 569 1150 631 meliora
1164 581 1365 647 enumquam

263 693 329 762 quaa
342 679 472 743 sciehat.
491 681 549 743 Vir
564 679 648 742 euim
662 674 824 760 praesentis
838 674 934 738 animi
952 687 983 734 et
997 670 1123 752 majoris
1137 667 1259 748 ingenii
1272 689 1365 750 quam

261 783 355 844 studii
375 780 472 860 magis
486 779 630 863 placebat
649 779 682 838 iu
703 777 751 838 his
766 793 833 858 quoe
847 773 1040 845 inveniebat,
1063 789 1154 852 quam
1176 770 1210 830 iu
1230 769 1280 831 hie
1300 788 1366 850 quae

263 881 419 945 attulerat.
443 882 513 940 dam
525 899 604 942 vero
622 879 720 940 iratus
739 876 928 940 commodius
941 872 1076 935 dicebat.
1101 872 1174 932 Ideo
1188 867 1364 948 diligentis-

262 980 339 1040 sime
360 980 514 1041 cavebant
535 978 686 1051 homines,
710 995 750 1036 ne
769 971 927 1036 dicentem
947 970 1195 1052 interpellarent.
1218 971 1292 1033 Uno
1313 965 1364 1029 die

265 1079 368 1160 plures
384 1078 521 1158 privatas
543 1075 665 1154 agebat,
688 1073 843 1154 publicam
857 1089 932 1134 vero
947 1085 1105 1148 nunquam
1126 1061 1258 1147 amplius
1272 1085 1365 1146 quam

195 1213 202 1226 ·
264 1196 356 1240 uuam
369 1198 430 1241 uno
442 1179 504 1240 die.
522 1177 587 1240 Nec
602 1189 704 1239 tamen
719 1176 795 1250 scio,
810 1193 900 1254 quem
913 1191 1001 1234 reum
1016 1168 1064 1232 illi
1078 1169 1243 1231 defendere
1258 1168 1319 1230 uisi
1333 1189 1367 1230 se

263 1275 445 1353 contigerit3
465 1276 541 1336 adeo
552 1292 708 1355 uunquam
719 1272 813 1334 ullam
824 1271 986 1332 materiam
1003 1269 1126 1330 dicendi
1141 1267 1203 1329 nisi
1218 1264 1367 1348 periculis

262 1377 324 1437 suis
334 1375 452 1436 habuit.

303 1477 437 1558 Quintil.
456 1477 496 1550 X,
518 1476 546 1548 l,
568 1473 645 1535 116:
663 1474 770 1548 Multa,
788 1475 814 1533 si
829 1493 898 1533 cum
909 1472 1028 1554 jndicio
1041 1471 1173 1550 legatur,
1190 1467 1277 1530 dabit
1294 1466 1366 1530 imi·

261 1575 379 1638 tatione
391 1575 485 1656 digua
500 1575 624 1639 Cassius
637 1573 778 1650 Severus,
796 1573 859 1654 qni,
876 1571 902 1634 si
917 1571 1030 1635 ceteris
1043 1569 1212 1633 virtutibus
1226 1571 1365 1632 colorem

263 1688 295 1736 et
318 1675 502 1752 gravitatem
523 1669 675 1735 orationis
694 1669 873 1755 adjecisset,
902 1671 1062 1754 ponendus
1085 1671 1171 1733 iuter
1194 1669 1366 1750 praecipnos

263 1773 355 1836 foret.
380 1774 460 1838 Nam
481 1788 513 1839 et
533 1774 651 1854 ingenii
671 1774 839 1855 plurimum
861 1775 894 1835 in
916 1793 952 1835 eo
974 1782 1031 1846 est,
1056 1785 1088 1835 et
1107 1767 1261 1834 acerbitas
1283 1767 1366 1831 mira

263 1891 295 1940 et
323 1875 486 1940 urbanitas
509 1878 573 1960 ejus
598 1897 736 1953 summa,
765 1877 818 1938 sed
847 1877 915 1959 plus
942 1875 1099 1939 stomacho
1125 1895 1216 1957 quam
1236 1871 1366 1936 consilio

262 1977 356 2038 dedit.
379 1976 587 2040 Praetereunt
608 1971 706 2037 amari
725 1975 817 2047 sales,
839 1971 883 2035 ita
904 1975 1084 2055 frequenter
1101 1972 1276 2034 amaritudo
1295 1972 1365 2052 ipsa

262 2075 393 2137 ridicula
411 2087 468 2138 cst.

304 2169 389 2234 Dial.
403 2173 440 2232 de
452 2181 543 2232 orata.
559 2192 588 2232 c.
602 2170 659 2231 19:
675 2171 837 2251 Quatenus
852 2169 1049 2250 antiquorum
1065 2166 1271 2230 admiratores
1280 2169 1365 2230 huuc

263 2271 347 2334 velut
366 2267 532 2333 terminum
552 2266 742 2350 antiquitatis
761 2271 950 2333 constituere
970 2271 1084 2342 solent,
1105 2289 1195 2350 quem
1213 2270 1367 2348 usquead

262 2366 401 2430 Cassium
419 2367 569 2430 Severum
588 2365 719 2444 iaciunt,
740 2388 831 2448 quem
851 2369 986 2450 primum
1006 2367 1161 2428 affirmant
1181 2363 1306 2428 flexisse
1324 2366 1366 2427 ab

261 2463 316 2526 illa
335 2479 440 2528 vetere
460 2478 552 2549 atque
573 2467 692 2529 directa
714 2465 838 2529 dicendi
857 2464 931 2528 via:
956 2486 1018 2528 nou
1040 2465 1220 2526 infirmitate
1241 2466 1365 2545 ingenii

263 2584 321 2626 uec
332 2561 458 2626 inscitia
467 2561 629 2627 literarum
643 2565 837 2626 transtulisse
848 2584 880 2625 se
892 2566 929 2624 ad
942 2561 1067 2626 dicendi
1079 2582 1177 2641 genus
1191 2566 1359 2636 contendo,

263 2668 317 2727 sed
329 2663 448 2745 jndicio
463 2679 495 2727 et
508 2663 680 2729 intellectu.
696 2664 782 2728 Vidit
797 2685 945 2747 numque,
971 2683 1038 2728 eum
1054 2666 1233 2727 conditione
1244 2678 1361 2747 tempo·

261 2784 331 2827 rum
347 2787 385 2827 ac
401 2763 580 2828 diversitate
595 2767 715 2829 1111111
729 2769 858 2831 formam
873 2785 990 2848 quoque
1004 2787 1042 2828 ac
1057 2769 1195 2848 speciem
1213 2764 1364 2830 orationis

261 2887 327 2930 csse
346 2869 535 2929 mutandam.
1391 2864 1399 2878 ‘

305 2968 385 3029 lbid.
401 2989 430 3030 c.
443 2967 484 3029 26
495 2989 503 3028 t
516 2966 664 3048 Equidem
677 2987 742 3031 nou
759 2970 937 3048 negaverim
947 2970 1086 3033 Cassium
1096 2971 1256 3040 Severum,
1270 2987 1362 3050 quem

261 3063 358 3124 solnm
373 3067 458 3144 Aper
473 3077 578 3126 noster
592 3066 755 3128 nominare
775 3085 867 3129 ausus
887 3077 949 3138 est,
972 3069 999 3129 si
1017 3066 1057 3129 iis
1077 3079 1286 3149 comparetur,
1308 3067 1362 3146 qui

261 3175 366 3243 postea
386 3161 529 3234 luerunt,
553 3181 644 3244 posse
664 3178 820 3226 oratorem
841 3165 964 3236 vocari,
988 3183 1171 3246 quamquam
1191 3164 1226 3226 iu
1248 3183 1362 3243 magna

260 3273 351 3342 parte
365 3259 517 3318 librorum
536 3281 660 3320 snorum
674 3264 744 3345 plns
757 3263 804 3324 ris
817 3263 932 3324 habeat
946 3283 1037 3344 11111
1051 3264 1221 3344 sanguinis.
1239 3263 1361 3325 Primus

261 3358 346 3422 etnim
360 3371 537 3443 contempto
550 3360 660 3424 urdine
674 3383 792 3438 rerum,
808 3363 920 3426 omissa
935 3363 1085 3428 modestia
1104 3383 1141 3426 ac
1159 3367 1277 3447 pudure
1288 3379 1360 3426 ver-

261 3457 383 3536 borum,
406 3454 480 3538 ipsis
501 3459 595 3520 etiam
610 3461 720 3541 quibus
739 3459 837 3522 utitur
852 3461 949 3524 armis
968 3460 1190 3545 incompositus
1206 3477 1240 3525 et
1257 3460 1361 3526 studio

261 3554 393 3616 feriendi
406 3556 587 3636 planamque
600 3557 740 3636 dejectus
754 3577 818 3619 non
832 3573 965 3640 pugnat,
981 3562 1035 3620 scd
1049 3561 1183 3622 rixatur.
1200 3560 1359 3636 Ceterum,

162 3662 229 3740 227
263 3653 381 3724 1111111,
392 3654 839 3735 sequentibnscomparatuset
850 3658 1003 3719 varietate
1014 3655 1198 3721 eruditionis
1210 3660 1362 3741 etlepoue

259 3753 446 3818 urbanitatis
464 3771 497 3818 et
515 3759 650 3838 ipsarum
667 3755 782 3820 virium
802 3755 916 3820 robore
932 3759 1062 3821 multum
1079 3774 1199 3824 ceteros
1220 3775 1358 3843 superat,

258 3872 390 3935 quorum
411 3855 567 3916 nemiuem
590 3857 676 3938 Aper
700 3857 862 3918 nominare
886 3869 918 3918 et
939 3860 1024 3920 velut
1045 3861 1079 3920 in
1106 3862 1204 3923 aciem
1225 3863 1360 3924 educme

157 4008 161 4026 ‚
259 3956 413 4018 sustinuit.

301 4052 402 4118 Tacit.
416 4055 531 4116 1111111.
544 4058 601 4131 lV,
615 4057 673 4117 111
690 4057 832 4118 Reluutm
844 4070 877 4119 et
890 4059 929 4121 de
941 4059 1047 4122 Cassio
1059 4057 1178 4124 &aem
1191 4065 1292 4139 1111111,
1307 4064 1359 4146 qai

259 4157 390 4218 sordida
402 4155 545 4235 originis,
561 4154 708 4219 maledice
720 4158 805 4231 aitte,
826 4161 880 4220 sed
903 4163 1014 4224 orandi
1033 4164 1152 4226 validus
1171 4186 1229 4248 per
1247 4165 1358 4230 immo·
