2904 4840
796 359 841 430 98

271 521 361 584 quam
379 499 478 583 ipsum
489 499 683 576 Ciceronem,
705 514 736 562 et
752 499 885 582 Quintil.
899 501 985 575 x,·t.
1002 500 1074 573 113,
1096 499 1225 560 nitidum
1244 511 1277 560 ot
1298 518 1394 560 can-

269 600 373 660 didum
392 617 523 674 vocans3
547 599 601 659 sed
615 596 732 659 viribus
748 599 910 659 minorem.
934 597 979 656 Ex
998 596 1062 657 suis
1080 595 1177 676 igitur
1196 593 1393 658 rationibus

268 700 374 762 dicere
384 698 576 780 Aperpotuit
585 697 621 760 in
632 697 714 758 Dial.
728 699 767 760 de
777 709 870 760 oran.
883 716 913 759 c.
924 697 975 772 tt,
989 716 1049 757 non
1056 717 1116 774 per
1125 701 1226 776 lpmm
1237 700 1386 767 stersisse,

267 800 427 881 quominus
439 796 577 855 letitiam
591 809 622 855 et
634 799 762 854 nitorem
776 799 927 878 sequentis
942 800 1043 855 etatis
1056 797 1257 874 exprimeret.
1275 797 1386 856 Fama

268 894 376 958 diserti
391 896 453 958 late
468 906 611 974 vagatur.
635 892 845 957 Conseruntur
863 891 1010 956 Horatius
1029 895 1106 976 Epp.
1130 897 1168 957 ad
1193 895 1256 958 Pis.
1284 897 1354 958 370
1367 944 1380 970 ‚

191 1033 193 1038 ·
266 993 379 1056 libuli.
397 995 454 1066 IV,
473 992 500 1066 Ι,
512 994 553 1055 45
563 1013 648 1074 sqq„
661 992 782 1055 Seneca
796 990 830 1055 in
844 1004 1077 1057 Ἀποκολοκυντώσιι
1090 1013 1122 1076 p-
1138 992 1265 1055 dssss'etl.
1280 992 1377 1076 Rip„

266 1092 350 1155 Plin.
366 1093 407 1155 li.
423 1096 463 1156 N.
477 1091 607 1171 XXXV,
624 1093 656 1168 2,
674 1095 712 1170 43
725 1091 874 1168 xxxin,
891 1093 921 1167 3,
938 1097 1014 1158 Tae.
1031 1095 1117 1154 Ann.
1135 1092 1222 1170 Xlll,
1242 1094 1297 1156 34.
1312 1098 1382 1158 Ta·

266 1215 338 1257 men
355 1196 450 1258 verba
461 1196 673 1278 quedamejus
682 1194 869 1276 Quintiliani
882 1208 1021 1276 tempore
1030 1193 1095 1277 jam
1111 1175 1288 1258 horrididra
1305 1199 1379 1260 visa
1401 1235 1406 1244 ·

264 1309 347 1369 sunt,
364 1309 399 1358 ut
408 1292 544 1376 gladium
558 1296 699 1377 exemplo
722 1295 816 1357 allata
835 1299 863 1368 l,
885 1296 916 1365 6,
934 1293 988 1356 42.
1007 1296 1125 1357 Vitium
1143 1298 1322 1360 orationum
1339 1299 1376 1359 in

265 1416 302 1457 eo
315 1393 434 1476 reperit
445 1396 531 1475 Aper
545 1394 578 1455 in
590 1393 673 1454 Dial.
691 1395 729 1454 de
743 1407 838 1454 oratt.
852 1414 881 1456 c.
896 1392 948 1464 20,
966 1395 1046 1472 quod
1060 1411 1182 1474 semper
1196 1396 1235 1457 ab
1250 1396 1377 1458 valetn-

265 1490 339 1552 dine
352 1491 527 1553 excusanda
538 1489 689 1573 pro'oemia
709 1492 848 1552 duceret.
864 1487 918 1554 Sic
933 1489 1027 1552 Curio
1043 1490 1082 1550 ab
1096 1503 1198 1553 aetate.
1212 1495 1254 1554 At
1268 1495 1375 1576 Quin·

264 1590 453 1667 tiliauuslV,
468 1589 499 1666 1,
514 1609 546 1674 9,
561 1589 681 1669 ingenii
692 1588 875 1652 infirmitate
884 1591 1021 1652 modeste
1033 1587 1207 1670 profitenda
1220 1611 1374 1672 magnam

263 1689 298 1750 in
308 1687 466 1772 prooemiis
474 1690 772 1752 commendationem
787 1702 958 1752 assecutum
969 1685 1113 1750 affirmat.
1125 1690 1225 1772 Quem
1235 1711 1374 1773 sequen·

267 1797 326 1863 tes,
339 1790 470 1872 Aprum,
487 1799 523 1848 ut
536 1787 624 1863 solet,
642 1785 823 1851 invidiosius
831 1789 966 1850 locutum
978 1788 1151 1848 credamus.
1194 1857 1197 1862 ¹

307 1890 361 1952 72.
386 1891 525 1954 Vidimus
541 1891 648 1971 igitur,
666 1891 726 1952 hac
747 1902 849 1966 etate,
872 1911 931 1971 qua
960 1889 1085 1952 summis
1104 1891 1240 1971 praemiis
1256 1910 1371 1975 propo-

263 1989 331 2054 sitis
340 1989 532 2055 lelicissimus
542 2004 701 2054 oratorum
716 2004 885 2073 proventus
898 1991 1028 2065 exstitit,
1043 1991 1174 2052 disertos
1193 1991 1274 2053 haud
1290 2013 1367 2076 pau·

266 2107 331 2160 cos,
348 2088 527 2169 eloquentes
540 2089 704 2152 nonnullos
713 2088 816 2151 luisse.
831 2089 910 2151 Nam
924 2090 1017 2151 etiam
1031 2108 1149 2164 eorum,
1163 2089 1259 2170 quiin
1272 2091 1368 2154 diser·

264 2201 366 2250 torum
388 2210 550 2253 numerum
565 2192 657 2270 vulgo
680 2211 743 2253 non
764 2190 946 2263 veniebant,
973 2211 1065 2253 nemo
1086 2191 1179 2254 facile
1205 2187 1371 2256 sententiar

265 2283 404 2348 dicendae
418 2301 472 2348 aut
486 2288 631 2350 concioni
645 2287 796 2349 habende
810 2287 913 2370 impar
924 2287 992 2350 luit.
1009 2290 1086 2350 Inde
1101 2289 1239 2351 videmus
1250 2303 1375 2372 praeter·

263 2382 487 2447 laudatissimus
511 2396 586 2459 tres,
608 2385 652 2446 M.
668 2384 862 2459 Ciceronem,
878 2387 918 2470 Q.
934 2386 1142 2466 Hortensium,
1159 2386 1195 2449 C.
1221 2386 1361 2467 Calvum,

263 2501 391 2561 magnos
402 2483 503 2546 adhuc
513 2479 645 2545 dicendo
655 2481 722 2546 Ser.
735 2482 917 2564 Sulpicium,
930 2485 971 2545 M.
985 2482 1150 2560 Calidium,
1163 2484 1206 2545 Μ.
1218 2481 1360 2565 Coelium,

263 2584 422 2647 ethorum
439 2585 580 2668 plerique
602 2583 698 2647 variis
717 2581 819 2646 literis
840 2582 947 2646 eximii
968 2598 1074 2647 eraut.
1090 2582 1122 2648 Si
1136 2585 1299 2649 inferiores
1316 2591 1363 2652 his

247 2683 347 2754 ¹luere
359 2685 402 2750 M.
415 2685 591 2756 Marcellus,
608 2687 651 2746 M.
668 2683 757 2756 Cato,
775 2682 811 2748 C.
830 2683 936 2759 Curio,
959 2686 1018 2745 hoc
1033 2703 1097 2746 non
1119 2684 1218 2746 indoli
1230 2686 1279 2747 vel
1291 2687 1363 2750 riri·

262 2780 332 2856 bus,
348 2783 402 2844 sed
419 2783 471 2844 vel
482 2779 633 2856 consiliis,
659 2801 727 2862 qum
737 2781 769 2842 in
782 2784 916 2861 gerenda
932 2782 1092 2862 republica
1102 2782 1199 2842 secuti
1213 2797 1295 2859 sunt,
1314 2787 1360 2848 vel

263 2899 418 2961 perversas
442 2883 563 2956 menti,
585 2882 635 2942 vel
658 2879 829 2941 deficienti·
843 2881 995 2942 voluntati
1018 2881 1163 2941 dandum.
1193 2881 1355 2964 Neqne'C.

262 2977 390 3052 Caesaris
403 2977 631 3052 obliviscamur,
649 2996 738 3058 quem
757 2995 815 3038 neo
827 2978 948 3039 Stoicus
960 2978 1047 3056 rigor
1066 2990 1098 3041 et
1118 2992 1240 3062 ἀπάθεια,
1264 3003 1358 3064 neque

262 3075 384 3162 ingenii
395 3075 538 3155 tarditas,
552 3079 605 3140 sed
615 3089 883 3157 rerumgestarum
893 3097 1000 3140 cursus
1013 3080 1053 3143 ab
1065 3083 1182 3146 artibus
1189 3086 1358 3147 domesticis

264 3186 446 3237 avocarunt.
470 3173 530 3238 Sed
552 3175 738 3257 prseteritos
762 3173 850 3236 multi
870 3176 1026 3254 dicebant,
1051 3183 1193 3260 quamvis
1215 3201 1278 3245 non
1292 3203 1356 3245 ora·

263 3290 358 3354 tores,
378 3278 421 3338 M.
438 3279 575 3352 Crassus,
593 3275 654 3341 Cn.
672 3274 847 3360 Pompeius,
860 3279 900 3362 Q.
915 3278 1043 3343 Catulus
1062 3284 1155 3364 paulo
1176 3281 1291 3359 senior,
1313 3285 1352 3346 M.

147 3365 148 3368 ¹
261 3379 402 3441 Valerius
413 3377 554 3453 Messala,
569 3381 607 3441 P.
620 3380 768 3444 Lentulus
780 3380 941 3463 Spinther,
955 3383 995 3466 Q.
1010 3383 1125 3445 Metelli
1137 3385 1208 3461 duo,
1225 3383 1314 3448 Celer
1327 3400 1356 3446 et

224 3526 228 3533 .
262 3479 375 3560 Nepos,
387 3477 425 3538 T.
439 3474 623 3558 Torquatus,
638 3475 675 3539 C.
692 3474 833 3539 Triarius
845 3477 884 3540 de
897 3479 998 3539 media
1006 3478 1095 3539 laude
1107 3480 1242 3565 abrepti,
1260 3482 1354 3544 mulli·

262 3595 321 3655 que
333 3589 486 3657 proeterea
500 3575 565 3648 alii,
580 3576 633 3658 qui
644 3575 789 3639 uberiore
803 3576 1009 3658 disputatione
1021 3595 1082 3637 non
1096 3577 1246 3659 indigent.

304 3674 416 3745 Nunc,
445 3672 590 3754 quoniam
613 3673 696 3756 justo
720 3673 876 3754 perfuncti
900 3691 1003 3734 sumus
1028 3675 1175 3753 negotio,
1202 3689 1350 3738 oratomm

261 3773 402 3836 aetatibus
415 3785 447 3838 et
457 3773 561 3848 rebus,
575 3788 723 3854 quantum
732 3771 804 3835 lieri
818 3773 925 3856 potuit,
950 3775 1115 3850 enarratis,
1137 3795 1237 3856 neque
1250 3797 1349 3859 propo·

261 3869 353 3931 sitnm
377 3870 535 3945 habemus,
557 3883 696 3933 emortua
719 3869 898 3954 eloquentia
923 3869 1164 3936 declamatorum
1189 3873 1349 3952 elegantias

258 3970 449 4035 umbraticas
469 3974 558 4034 laude
580 3974 631 4036 vel
641 3972 880 4054 reprehensione
894 3975 1110 4054 persequendi,
1127 3973 1253 4059 nonani
1265 3994 1346 4054 gene·

256 4072 360 4148 ratim,
378 4073 530 4154 quomodo
545 4071 719 4134 decreverit
737 4070 924 4152 eloquentia,
940 4068 1107 4134 videamus.
1129 4069 1300 4158 [Explicate
1313 4077 1348 4136 de

135 4179 142 4186 '
255 4172 315 4233 hoc
333 4185 471 4254 tempore
492 4169 568 4234 dixit
581 4171 783 4234 Westerm.a
801 4189 831 4252 p.
850 4169 908 4232 211
928 4170 966 4233 ad
976 4169 1069 4233 linem
1083 4168 1185 4258 libri]
1206 4173 1346 4236 Etdecre·
