2934 4846
713 403 734 446 V

177 508 313 606 collegi.
331 511 662 604 Quaedistinxeram
680 512 789 585 classe
807 501 1039 611 quadruplici.
1069 514 1271 600 erutorum,

176 633 443 722 historicorum,
469 653 672 733 poetarum,
699 636 947 710 miscellorum.
974 640 1072 708 Inter
1098 634 1273 709 miscellos

175 763 399 861 praecipuum
421 767 615 839 Varronem
647 791 845 864 posueram.
876 768 995 864 Atque
1024 765 1103 838 haec
1138 791 1208 836 non
1237 769 1273 838 in

176 912 291 974 meum
306 887 417 962 solum
437 912 552 978 usum,
572 893 634 964 scd
654 891 846 988 publicum,
864 893 930 964 nisi
950 893 1061 964 visum
1078 865 1181 963 aliter
1194 902 1272 973 ἀφίλῳ

175 1012 312 1086 cuidam
325 1015 391 1099 otte
407 1015 541 1100 luisset,
568 1017 630 1112 qui
647 1031 802 1112 coeptum
819 1014 887 1087 hoc
901 1039 1005 1088 omne
1020 1039 1137 1088 meum
1152 1013 1272 1088 turbo-

175 1139 237 1210 vit.
258 1143 338 1212 Non
361 1141 496 1224 fraude,
515 1165 564 1212 ne
587 1164 699 1227 erres,
728 1139 936 1238 oed(dicam
952 1165 1034 1212 vere
1057 1158 1094 1214 et
1120 1142 1271 1228 fortiter,

173 1269 241 1339 etsi
264 1293 391 1366 parum
407 1268 573 1366 comiter)
589 1271 684 1366 turpi
697 1268 803 1340 lurto.
824 1311 874 1322 -—
892 1271 925 1340 ls
943 1282 1086 1366 partem
1106 1270 1275 1365 fragmen·

174 1409 293 1465 torum
309 1403 432 1466 eorum
446 1419 465 1465 e
481 1393 585 1469 domo
599 1419 675 1467 mea
690 1392 836 1467 abstulit
848 1394 936 1466 mala
955 1409 993 1467 et
1014 1411 1135 1490 tagace
1155 1420 1271 1468 manu.

174 1517 331 1591 Abstulit
353 1521 459 1592 etiam
479 1546 555 1594 una·
573 1523 729 1594 animum
751 1523 786 1592 in
813 1537 931 1616 coepto
954 1545 1065 1618 opere
1089 1521 1273 1619 pergendi,

174 1646 255 1742 quia
274 1662 311 1717 et
324 1633 480 1718 'difficilis
505 1648 712 1719 instauratio
731 1648 879 1744 jacturae
901 1647 977 1743 ejus
1004 1645 1088 1718 milri
1115 1647 1208 1732 visa,
1237 1661 1274 1718 et

174 1790 297 1868 postea
313 1772 484 1860 intellexi,
501 1776 629 1848 Jenum
648 1790 810 1848 nostrum
827 1774 986 1845 Dousam
1003 1772 1274 1847 eumdemlabo·
1365 1807 1369 1816 ·

173 1923 247 1970 rem
259 1901 350 1971 serio
357 1887 573 1970 elaborasse.
595 1931 610 1964 n
628 1941 676 1952 -
690 1902 808 1971 Donsa
824 1923 907 1971 vero
924 1900 961 1970 in
976 1897 1181 1996 praelatione
1197 1897 1269 1968 Lu·

176 2023 245 2096 cilii
265 2026 319 2095 sui
333 2027 406 2122 ipse
424 2023 509 2094 dixit
526 2051 535 2094 ι
559 2053 575 2088 α
592 2025 703 2121 Cujus
718 2025 897 2122 specimen
921 2040 956 2095 et
978 2025 1076 2122 quasi
1093 2025 1276 2117 gustumsi

174 2149 272 2222 vobis
298 2155 369 2222 no'n
399 2153 574 2246 ingratum
602 2149 706 2224 luisse
733 2175 960 2247 cognovero,
990 2149 1164 2248 protelum
1188 2148 1275 2221 mihi

179 2277 274 2347 eritis
286 2276 329 2348 ad
345 2275 491 2349 similem
508 2277 713 2349 industriam
730 2277 977 2374 experiundam
996 2301 1070 2348 non
1085 2290 1221 2348 tantum
1238 2275 1274 2346 in
1339 2283 1345 2293 '

178 2407 291 2500 poetis
302 2404 460 2503 reliquis,
477 2406 539 2478 sed
555 2423 592 2478 et
604 2408 640 2479 in
654 2407 827 2479 historicis
840 2423 875 2480 et
890 2407 1102 2493 oratoribus,
1119 2429 1275 2505 quorum

177 2535 301 2628 partim
314 2533 566 2623 iuterfuerunt,
592 2536 662 2605 imo
677 2551 713 2606 et
728 2535 943 2631 praesuerunt
960 2533 1074 2623 bellis,
1094 2537 1220 2632 partim
1238 2535 1274 2604 in

175 2674 299 2730 senatu
313 2675 349 2730 et
361 2658 492 2756 populo
506 2658 566 2731 illo
579 2661 709 2732 versati
722 2677 822 2745 sunt,
837 2659 898 2730 ubi
910 2659 1048 2729 assidua
1061 2659 1225 2730 materies
1239 2675 1289 2729 et«

176 2787 318 2882 agitatio
329 2785 453 2856 harum
467 2810 600 2857 rerum.
620 2817 635 2849 o
655 2789 801 2876 Verum,
814 2802 972 2882 utsupra
986 2783 1073 2872 dixi,
1089 2807 1205 2881 neque
1216 2782 1274 2856 hic

177 2935 292 3006 neque
307 2901 503 3008 ille'coepta
523 2907 692 2995 absolvit,
721 2910 878 3007 quamvis
894 2925 1048 3008 uterque
1071 2933 1147 2981 rem
1165 2907 1275 2980 utilis·

177 3035 296 3106 simam
312 3032 386 3106 fore
406 3034 614 3132 judicasset.
648 3036 720 3105 Nec
744 3032 883 3106 silentio
906 3033 1178 3129 praetermittere
1197 3056 1274 3129 pos·

177 3190 269 3252 sum,
292 3166 391 3263 quod
410 3190 524 3262 nuper
540 3167 574 3236 in
600 3165 809 3262 Bernhardy
829 3164 975 3236 historia
1000 3163 1275 3259 ingeniosissima

177 3273 353 3358 literarum
374 3289 611 3358 Romanarum
634 3313 670 3382 p.
701 3285 869 3381 tellegi,
890 3309 997 3379 aegre,
1027 3309 1094 3356 nee
1120 3275 1195 3356 sine
1221 3285 1276 3380 ja·
1309 3330 1315 3342 κ

178 3424 275 3480 ctnra
291 3409 469 3480 literarum
487 3409 602 3482 adhuc
623 3409 816 3482 desiderari
836 3423 1015 3480 oratorum
1032 3406 1277 3482 collectionem

177 3536 466 3633 fragmentorum.
481 3538 519 3609 Id
535 3562 619 3609 vero
629 3538 796 3635 imprimis
805 3539 945 3627 sentiet,
964 3540 1175 3637 quicumque
1185 3537 1272 3608 Bru·

178 3680 252 3734 tum
271 3665 448 3736 Ciceronis
464 3681 500 3737 et
513 3664 720 3760 Quintiliani
733 3664 862 3737 librum
879 3666 1051 3738 decimum
1065 3665 1213 3736 interius
1226 3666 1276 3736 in-

178 3792 333 3890 telligere
349 3797 480 3893 cupiet,
494 3811 536 3880 ‚et
551 3794 595 3866 ad
612 3795 709 3867 hunc
726 3820 827 3867 usum
845 3820 910 3892 ego
925 3798 1073 3892 primum
1092 3792 1273 3866 consilium

177 3918 252 4012 ejus
267 3918 317 3988 rei
337 3919 428 4014 cepi,
447 3920 644 4014 praesertim
659 3941 738 3988 cum
754 3916 868 3989 fontes
884 3915 1110 4014 rivulosqne,
1141 3915 1176 3986 iu
1201 3915 1274 4010 qni-

179 4037 245 4112 bus
266 4057 443 4114 oratorum
461 4041 649 4139 fragmenta
674 4043 796 4130 latent,
812 4043 884 4136 jam
908 4057 1011 4112 antea
1030 4039 1272 4134 cognovissem
