2916 4838
738 319 833 434 ert

296 509 478 576 'narumsrcta
492 501 651 556 tamarcem
662 499 690 551 ln
700 494 843 552 Hortensio
849 493 953 546 dixerat
961 493 1014 563 (ap.
1026 488 1142 540 Nonium
1151 503 1180 556 p.
1188 486 1254 548 utu,
1265 485 1325 554 ¹3l'

293 591 484 663 Solertr'amque
496 604 563 648 eant,
573 589 625 653 [ut]
631 589 720 655 posset
732 581 776 673 uel
785 579 811 632 in
825 577 922 650 tegula}
931 571 1105 649 preteritum
1118 576 1228 623 ostreas.

267 995 334 1061 cic.
346 991 437 1056 Orat.
450 985 489 1050 66
500 1007 509 1047 t
525 983 588 1048 Setl
598 979 676 1043 nihil
685 989 750 1041 tem
761 975 854 1039 teba
866 988 932 1036 esse
944 932 1153 1042 numerosum,
1165 983 1258 1046 qnam
1267 964 1328 1026 hoe

225 1095 303 1182 quod
319 1087 448 1156 minime
462 1093 594 1167 apparet
606 1089 639 1141 et
648 1077 734 1140 valet
745 1071 924 1157 plurimum.
936 1071 983 1132 Ex
993 1068 1052 1130 hoe
1063 1083 1178 1145 genere
1187 1061 1267 1125 illud
1281 1075 1330 1124 est

225 1188 350 1260 Crassi:
367 1189 483 1252 Missos
489 1182 613 1262 flzciant
623 1190 787 1258 patronos;
803 1174 865 1250 ipsi
874 1169 1034 1248 prodeant.
1054 1163 1118 1224 Cur
1134 1161 1330 1224 clandestinis

225 1292 361 1358 consiliis
372 1309 426 1349 nos
437 1292 608 1366 oppugnant
620 1275 636 1333 2
646 1295 703 1336 cur
711 1274 751 1333 de
758 1271 905 1352 perfhgt‘s
914 1269 1026 1329 nostris
1034 1269 1139 1343 copias
1149 1275 1330 1342 comparant

226 1409 331 1460 eontra
344 1383 428 1450 uos?
856 1379 859 1384 '

264 1541 368 1608 Crassi]
381 1539 431 1592 hoo
444 1553 477 1588 ex
488 1529 615 1586 concione
629 1537 721 1579 eontra
734 1519 888 1595 popularem
902 1517 1043 1570 factionem
1057 1525 1103 1566 aut
1121 1529 1154 1568 ex
1169 1511 1289 1566 manuue
1300 1510 1330 1564 in

300 1623 458 1699 Philippum
466 1620 582 1694 petitum
593 1613 737 1670 arbitratur
750 1606 869 1666 Ellendt.

263 1767 411 1840 comparant
424 1759 582 1822 contraires]
594 1750 760 1806 numerosior
768 1756 809 1799 est
817 1739 980 1813 Quintiliani
989 1739 1067 1792 lectio
1077 1739 1137 1809 (tx,
1149 1737 1175 1801 t,
1189 1705 1331 1808 101¹)er

304 1853 336 1906 de
343 1845 465 1922 perfirgr's
476 1839 571 1897 nostris
582 1839 667 1910 eaptus
679 1838 810 1906 comparat
821 1831 843 1882 t's
854 1834 944 1881 contra
955 1845 1010 1879 nos.

393 2059 520 2136 XLVI.
547 2057 593 2148 Q.
607 2053 745 2126 Mucius
764 2045 933 2134 Scaevola,
949 2047 1053 2118 Pont.
1072 2043 1165 2114 Max.

273 2305 341 2380 cii.
352 2309 441 2372 Brut.
455 2301 550 2377 eli,
561 2297 620 2361 163
631 2318 639 2358 r
652 2292 794 2358 Seaevolae
805 2288 930 2352 dicendi
940 2287 1126 2370 elegantiam
1135 2289 1210 2350 satis
1222 2309 1261 2352 ex
1272 2289 1336 2354 illis

233 2411 432 2484 orationibus,
447 2423 525 2492 quos
537 2401 667 2486 ralr'qru‘t,¹
683 2395 831 2462 hahemus
842 2393 1009 2473 cognitam.

276 2518 501 2594 Argumentum
515 2493 667 2564 orationis
682 2494 825 2562 sosius
838 2511 897 2575 pro
911 2493 954 2554 M.
968 2489 1109 2573 Coponio
1122 2489 1155 2552 ia
1168 2505 1259 2550 causa
1269 2487 1336 2552 Cu-

232 2620 324 2684 riana
335 2609 448 2677 Cicero
463 2611 606 2666 recenset
625 2598 659 2659 in
676 2598 763 2657 Brut.
782 2613 810 2656 e.
825 2592 877 2654 52.
891 2625 933 2638 —-
955 2589 1043 2652 Dixit
1061 2602 1125 2650 tum
1139 2591 1175 2650 L.
1194 2586 1335 2650 Licinius

234 2721 363 2785 Crassus
377 2708 526 2772 adversus
537 2697 717 2770 Soaerolam,
732 2689 785 2776 qui
796 2687 877 2774 juris
890 2688 1094 2774 peritissimus
1108 2683 1167 2748 tuit
1180 2686 1335 2750 Romano-

233 2836 303 2882 rum
313 2823 465 2874 veterum.
487 2795 602 2863 Consul
620 2794 677 2855 fuit
691 2812 761 2855 enm
774 2790 881 2852 eodem
892 2787 1004 2851 Crasso
1019 2807 1048 2848 a.
1060 2789 1102 2852 U.
1115 2783 1188 2846 658.
1213 2780 1334 2846 Distin-

234 2913 372 2998 guendum
383 2927 401 2968 a
412 2905 452 2984 Q.
466 2897 569 2962 Murio
577 2892 712 2958 &erola
724 2907 850 2970 augure.

599 3123 744 3196 XLVII.
774 3121 817 3192 C.
838 3117 963 3188 Titius.

277 3390 343 3456 Cio.
356 3387 447 3448 Brut.
460 3397 488 3440 e.
500 3374 555 3449 tt,
570 3370 647 3434 tut:
661 3365 804 3450 Ejusdem
817 3357 883 3426 lero
896 3357 1042 3444 temporis
1054 3378 1125 3424 eum
1135 3357 1171 3421 L.
1183 3357 1296 3424 Crasso
1306 3373 1338 3424 et

236 3495 274 3558 t..
287 3483 430 3564 Philippo
450 3472 508 3538 luit
526 3488 620 3552 eques
631 3467 800 3536 Romanus,
821 3460 859 3525 C.
873 3459 984 3532 Titius,
1000 3457 1053 3540 qui
1074 3475 1143 3520 meo
1159 3453 1280 3540 judicio
1301 3479 1337 3522 eo

235 3578 414 3674 pervertisse
428 3573 640 3654 videturgquo
658 3561 757 3648 potuit
776 3560 841 3624 lere
860 3557 989 3625 Latinus
1007 3565 1115 3618 orator
1132 3552 1199 3618 sine
1216 3553 1339 3620 Graeeis

236 3687 338 3758 literis
357 3694 390 3756 ot
407 3677 475 3742 sine
489 3671 585 3738 multo
600 3687 657 3732 usu
670 3663 848 3750 pervenire.
863 3657 962 3740 Hujus
975 3657 1133 3721 orationes
1146 3668 1267 3720 tantum
1285 3678 1338 3721 ar·

237 3787 404 3872 gutierrum,
424 3784 545 3837 tantum
563 3764 786 3848 exemplorum,
806 3767 927 3821 tantum
948 3755 1137 3818 urbanitatis
1156 3755 1283 3830 hahent,
1303 3770 1340 3819 ut

238 3907 327 3977 paene
344 3879 450 3946 Attico
470 3871 542 3938 stilo
562 3869 686 3950 seriptae
705 3881 770 3926 esse
788 3860 965 3923 rideantur.
990 3858 1121 3920 Easdem
1143 3854 1281 3938 argutias
1303 3857 1339 3924 in

144 4014 210 4092 158
239 3984 405 4071 tragoedias
420 3978 496 4043 satis
510 3974 563 4037 ille
579 3971 701 4052 quidem
715 3974 821 4035 auum,
837 3961 891 4024 sed
905 3981 1017 4042 parum
1033 3961 1151 4040 tragice
1166 3962 1336 4025 transtulit.

276 4087 389 4156 Nescio
404 4101 444 4144 an
459 4077 541 4141 idem
555 4073 598 4134 sit
611 4064 830 4144 intelligendus
852 4063 886 4124 in
908 4059 1011 4125 Dione
1031 4063 1136 4126 Cassio
1155 4063 1281 4144 Fragm.
1302 4085 1339 4128 ax

234 4188 325 4253 libris
340 4181 435 4269 prior.
461 4195 492 4236 n.
518 4167 591 4233 lli.
608 4175 676 4234 ratior
695 4171 775 4232 Τίτιος
799 4170 857 4242 ἀνὴρ
881 4169 996 4243 ἀγοραῖος
1014 4169 1056 4224 καὶ
1072 4171 1099 4221 ir
1120 4166 1281 4243 δικαστηρίων
1300 4175 1339 4226 τὸν
