2934 4846
708 274 750 346 15

179 405 361 468 validiorem
374 406 504 468 inirent.
521 405 582 470 Sed
594 405 659 472 bmc
673 409 754 471 ratic
773 407 891 488 aliquot
907 410 999 472 aunis
1016 423 1089 474 ante
1109 412 1143 472 P.
1158 407 1275 476 Rutilio

177 505 258 568 Rufo
280 517 313 568 et
330 506 374 566 M.
398 507 515 572 Scauro
533 525 595 568 non
610 507 801 571 innotuerat.
815 544 859 554 -
873 508 930 572 Sin
947 529 1024 572 raro
1038 511 1078 570 ad
1090 513 1276 576 vetustiores

175 603 399 680 adscendimus,
423 604 564 666 ordinem
580 606 692 668 merito
714 607 799 670 ducit
822 608 874 667 M.
899 605 974 666 Cato
993 607 1168 681 Censorius,
1188 608 1276 692 cnjus
1332 675 1334 680 ,

174 701 426 764 celebresServii
435 701 554 777 Galbae,
569 702 605 762 P.
621 703 707 764 Furii
717 718 749 766 et
763 705 895 768 aliorum
907 704 1121 767 accusationes
1134 703 1274 769 inomni·

173 817 225 860 um
249 819 306 862 ore
327 796 460 860 fuerunt.
480 799 626 878 Sequitur
647 799 688 859 P.
708 803 813 880 Scipio
828 801 1014 884 Africanus,
1032 799 1083 881 qui
1106 802 1275 866 consularis

173 905 206 956 e't
221 897 377 963 censorius
393 898 430 958 L.
445 895 569 960 Cottam
584 915 672 956 reum
693 896 778 958 iecit.
794 899 967 962 videantur
985 897 1052 962 Cic.
1067 897 1142 959 biv.
1159 898 1193 960 in
1207 898 1273 962 cae-

174 995 272 1058 cil.=c.
295 999 348 1073 01,
374 999 436 1059 Pro
468 997 589 1056 Muren.
618 1013 648 1054 c.
679 995 730 1070 28,
749 997 840 1059 Brut.
858 1017 886 1058 c.
902 998 1041 1073 aava.
1064 999 1148 1060 Max.
1179 1001 1272 1076 VIII,

174 1098 214 1173 1,
243 1099 293 1160 11.
324 1101 461 1160 Rursum
488 1096 528 1155 P.
561 1095 706 1156 Lentulus
736 1096 882 1178 princeps
911 1110 1034 1158 senatus
1063 1100 1106 1158 M.
1137 1099 1275 1182 Aquillio

170 1201 415 1282 repetundarum
426 1215 480 1258 rec
494 1196 613 1274 agendo
623 1213 685 1256 suae
696 1195 775 1258 nihil
787 1195 966 1260 auctoritati
978 1199 1085 1259 noceri
1096 1218 1275 1279 persuasum

170 1299 290 1366 babuit.
313 1300 419 1378 Neque
438 1296 605 1358 audiendus
619 1295 730 1359 Cicero
748 1317 879 1380 eumque
903 1297 1009 1379 inepte
1031 1317 1163 1378 sequens
1180 1303 1270 1366 Vale·

170 1397 233 1456 rius
243 1395 415 1478 poteutiam
434 1393 623 1456 accusatoris
639 1394 701 1455 reis
719 1395 833 1457 auxilio
847 1395 937 1458 fuisse
951 1407 1129 1457 narrantes.
1140 1399 1187 1474 ,At
1204 1399 1269 1461 rim

164 1497 321 1579 judicibus
330 1497 455 1570 factam,
468 1513 575 1557 versus
585 1492 679 1558 finem
688 1494 778 1577 hujus
787 1496 887 1558 aetatis
902 1497 984 1558 baud
998 1516 1072 1562 raro
1082 1499 1267 1578 reperimus.

167 1597 251 1679 Quid
261 1594 357 1670 enim,
374 1593 435 1655 nisi
448 1605 531 1654 artes
545 1591 675 1665 illicitae,
689 1592 828 1668 fuerunt,
841 1613 908 1674 quae
919 1593 988 1656 ser.
1007 1591 1140 1657 Galbam
1150 1594 1269 1660 (batone

168 1707 333 1758 accusante
348 1695 544 1775 eripuerunt.
558 1693 624 1754 Nec
639 1692 688 1754 M.
706 1694 860 1754 Antonius
878 1691 933 1778 (at
946 1705 1079 1774 quantus
1088 1695 1139 1754 vir
1153 1693 1180 1772 l)
1205 1717 1267 1758 am·

167 1793 286 1856 bitiosoe
300 1791 510 1856 contentionis
527 1788 618 1871 culpa
632 1789 760 1854 liberari
770 1803 880 1871 potest,
894 1791 947 1872 qui
960 1791 1001 1874 Q.
1019 1790 1180 1860 Marcium,
1203 1793 1261 1858 Cn.

168 1893 325 1968 Manlium,
347 1895 391 1954 M.
408 1891 577 1974 Aquillimn
596 1901 691 1952 certae
704 1891 897 1954 damnationi
918 1891 1120 1966 subtraxerit,
1145 1889 1267 1956 Caium-

165 2014 224 2074 qnc
246 1991 447 2069 Norbanum,
474 2007 509 2052 ut
526 2010 589 2054 non
615 1990 745 2066 malum,
769 1993 814 2053 ita
838 1991 1007 2055 violentum
1036 2007 1069 2054 et
1088 1974 1278 2058 seditiosum¹

166 2093 269 2155 civem
284 2091 394 2154 callide
401 2092 502 2170 legem
516 2090 752 2172 interpretando
769 2090 942 2153 servaverit
959 2088 1049 2174 (Cic.
1062 2091 1110 2152 De
1124 2107 1204 2156 orat.
1221 2097 1251 2156 M
1256 2137 1265 2174 ,

165 2191 219 2267 27,
248 2191 301 2265 tt,
329 2190 404 2276 48).
419 2193 528 2255 Plures
546 2201 581 2250 ut
600 2209 694 2252 unum
718 2189 932 2262 defenderent,
954 2189 1117 2254 Ciceronis
1143 2193 1266 2258 demum

164 2302 255 2354 etate
278 2289 420 2365 invaluit,
447 2288 500 2369 qui
517 2305 583 2350 mos
607 2288 737 2348 vitiosus
757 2287 787 2348 ei
809 2289 903 2362 risus,
930 2288 989 2350 etsi
1009 2290 1170 2368 graviores
1189 2293 1263 2370 sint,

163 2411 254 2472 quam
269 2410 345 2472 quas
357 2386 628 2468 commemoravit,
645 2386 849 2451 causariae
866 2390 954 2449 Brut.
972 2407 1001 2449 c.
1023 2390 1074 2451 57.

187 2489 259 2550 12.
282 2491 330 2550 De
341 2487 465 2550 dicendi
477 2485 588 2560 sorma,
607 2503 674 2566 quae
696 2485 756 2546 bac
770 2495 861 2546 aetate
884 2485 1030 2561 obtinuit,
1046 2485 1127 2547 bene
1141 2486 1265 2572 Quinti·

161 2589 262 2652 lianus
274 2590 349 2662 XII,
369 2587 419 2663 10,
443 2586 493 2663 10,
505 2586 571 2648 baec
586 2584 760 2666 generatim
774 2585 873 2666 ponit,
896 2586 1139 2646 artisstatuariae
1153 2601 1184 2649 et
1195 2609 1263 2652 ora·

160 2692 250 2766 toriae
264 2688 459 2752 incrementa
474 2684 993 2770 comparanstSedfuerequoedam
1004 2686 1262 2766 generedicendi,

161 2794 334 2852 conditione
357 2807 527 2867 temporum
552 2786 731 2861 horridiora,
757 2787 870 2872 alioqui
891 2807 1038 2868 maguam
1052 2782 1128 2866 jam
1152 2790 1267 2868 ergenii

160 2895 227 2950 aira
236 2913 303 2970 prae
316 2892 508 2973 sefhrentia.
529 2888 613 2946 Hinc
628 2891 685 2946 siat
699 2887 802 2960 Laelii,
825 2886 989 2966 Africani,
1020 2885 1148 2969 Catones
1166 2893 1262 2949 etiam

161 2991 362 3077 Gracchique,
379 3011 454 3076 quos
467 3004 498 3049 tu
510 2989 582 3048 licet
592 2988 779 3068 Polygnotos
793 2987 848 3048 ael
865 2985 1006 3047 Callonas
1027 2989 1174 3066 appelles.
1190 2990 1261 3052 Me·

160 3088 246 3148 diam
259 3090 346 3150 illam
358 3085 504 3168 formam
526 3083 660 3169 (Phidiae
678 3096 711 3145 et
729 3085 892 3167 aequalium
906 3085 916 3170 )
931 3082 1100 3148 teneantL.
1113 3085 1259 3165 Crassus,

158 3185 202 3266 Q.
219 3179 415 3248 Hortensiae.
429 3183 504 3244 Haec
518 3181 583 3244 ille.
595 3182 730 3245 Laudem
747 3182 845 3244 latine
858 3181 992 3255 dicendi,
1009 3196 1044 3244 ut
1055 3183 1257 3262 innocentiae,

158 3283 230 3346 huie
250 3285 336 3347 aetati
357 3281 517 3366 propriam
545 3281 656 3356 fuisse,
682 3282 764 3344 haud
789 3281 893 3362 inepte
916 3280 1027 3344 Cicero
1048 3277 1202 3363 judicavit
1225 3283 1259 3346 in

158 3381 255 3443 Bruto
270 3400 297 3444 c.
316 3381 377 3459 743
396 3399 454 3444 nec
469 3379 563 3441 distat
576 3377 615 3440 ab
629 3379 687 3440 hac
697 3377 863 3453 sententia,
882 3378 967 3462 cujus
981 3377 1070 3440 modo
1084 3379 1259 3443 mamonis

157 3477 205 3538 usi
217 3498 329 3554 sumus,
352 3477 465 3540 Fabius
478 3477 558 3552 XM,
580 3476 629 3552 10,
648 3475 699 3560 39,
715 3475 891 3558 Scipionem
911 3490 943 3538 et
956 3477 1082 3542 Laelinm
1097 3476 1183 3556 quasi
1202 3481 1258 3540 At·

157 3579 219 3642 tica
238 3580 380 3660 loquendi
406 3579 550 3641 castitate
574 3598 643 3642 usos
666 3595 731 3638 csse
746 3577 970 3658 pronuntians;
994 3579 1075 3658 quod
1096 3596 1159 3640 non
1182 3581 1260 3642 artis

155 3673 224 3750 suit,
244 3677 297 3738 sed
311 3687 442 3749 natura,
468 3674 604 3736 nondum
618 3671 657 3735 ob
673 3671 793 3734 uariam
814 3674 950 3753 gentium
963 3673 1258 3754 contagionemser-

155 3774 255 3837 monis
268 3774 373 3838 Latini
386 3773 568 3853 integritate
591 3783 749 3854 corrupta.
777 3773 854 3834 inde
874 3785 960 3836 reete
983 3771 1094 3837 Cicero
1115 3775 1202 3837 Brut.
1226 3796 1255 3838 c.

158 3870 210 3945 37,
224 3868 323 3946 latine
340 3870 461 3946 dicendi
478 3863 643 3946 uirtutem,
660 3869 688 3931 si
699 3868 791 3947 absit,
807 3859 1097 3949 magnum'vitium,
1116 3873 1142 3934 si
1157 3872 1255 3948 adsit,

157 3971 297 4050 exiguam
311 3973 434 4038 landem
452 3991 519 4035 esse
538 3969 735 4058 significavit.
754 3973 796 4033 At
818 3971 881 4033 vim
897 3977 934 4034 et
950 3972 1118 4054 ingenuam
1133 3971 1258 4042 virtutis

157 4086 219 4128 suae
234 4069 376 4135 fiduciam
397 4069 445 4138 1111
463 4069 525 4136 viri
548 4082 581 4138 et
594 4081 758 4134 senserunt
779 4080 811 4132 ct
830 4084 1056 4167 expresserunt.
1075 4069 1117 4130 Ut
1136 4082 1256 4134 taceam
