2904 4840
668 271 711 368 oo

140 405 281 472 mulieris
292 404 648 482 thermundensis
658 407 851 494 delepdesrte,
867 405 1058 491 impugnavit
1071 411 1107 498 p.
1127 410 1233 474 servi.
1355 381 1357 386 ’

139 506 197 580 lio,
214 506 274 586 Ap.
287 501 416 568 Claudio
427 506 514 570 Coss.
526 524 555 566 a.
569 505 639 567 614.
656 502 778 567 Titiniae
787 502 898 570 deinde
910 525 979 568 enm
988 503 1137 569 Cieemne
1146 505 1234 572 alluit

138 601 306 688 injudicio
326 603 449 686 privato
463 605 512 666 rel
532 605 675 680 maximo,
698 625 776 668 cum.
787 605 882 670 Curio
900 625 957 686 pro
972 601 1104 688 petitore
1116 604 1234 670 diceret

136 703 211 766 Ser.
226 702 333 766 Neo-io
346 701 423 794 (Cic.
440 704 527 768 Brut.
544 723 574 766 e.
588 702 648 788 60).
671 706 751 766 llam
766 703 860 787 Oppii
876 723 979 778 cursa,
994 723 1085 785 quem
1101 703 1236 768 defendit

135 795 267 872 Cicero,
278 819 341 862 non
353 801 445 872 hune.
458 801 511 866 sed
524 801 566 861 Μ.
579 801 699 868 Cottam
709 802 841 866 buttem
853 813 985 885 spectat.
1001 799 1090 866 Cous.
1102 798 1234 883 Quimil.

138 901 182 973 V,
197 899 250 975 10,
264 900 316 972 693
335 899 384 974 13,
398 899 455 975 201
480 901 535 971 xl.
557 901 586 976 l,
607 900 659 964 61.
686 899 808 967 Deinde
827 901 888 965 Cu.
910 901 1101 966 Dolabellam
1121 901 1181 964 Cn.
1199 901 1233 962 F.

137 1007 255 1060 eontra
269 996 304 1060 G.
316 996 467 1060 Cenem
478 994 614 1066 defendit
631 1017 660 1061 a·
673 999 754 1070 6763
776 1017 867 1078 quem
885 996 1010 1078 pamm
1028 998 1238 1080 praepollentis

138 1092 174 1156 vi
187 1095 248 1158 sibi
261 1095 455 1178 eripiCaesar
469 1107 593 1176 questus
606 1107 665 1170 est.
686 1096 735 1156 De
747 1095 807 1158 hee
819 1098 1028 1171 accusatione,
1050 1118 1089 1160 ne
1108 1099 1147 1161 ab
1166 1095 1239 1160 aliia

138 1195 226 1260 dicta
239 1208 427 1278 repetamus,
441 1195 480 1258 ad
490 1195 630 1274 Pighium
643 1196 726 1257 Anu.
740 1195 795 1271 lll,
808 1215 840 1276 p.
853 1192 916 1258 280
931 1197 1002 1258 coll.
1015 1195 1088 1270 266,
1101 1198 1237 1276 relegbn·
1359 1181 1368 1202 ⁸

140 1294 201 1356 dos
209 1294 349 1356 ducimus
357 1294 495 1374 lectores.
513 1294 590 1358 Nam
599 1293 657 1356 luit
666 1292 746 1354 alius
757 1293 931 1366 Dolabella,
944 1295 979 1356 L.
990 1295 1026 1354 F.
1039 1315 1058 1354 a
1067 1297 1109 1356 M.
1121 1295 1239 1356 Scauro

136 1390 337 1456 adolescente
348 1391 520 1454 damnatus.
537 1395 692 1455 Praeterea
700 1391 801 1478 Cottae
815 1393 876 1456 Pro
891 1394 928 1456 t.
939 1390 1066 1454 Veturio
1077 1391 1160 1454 liber
1176 1391 1239 1471 pri·

140 1507 213 1548 mus
235 1485 398 1554 adducitur
422 1485 602 1552 aCbarisio
626 1488 671 1562 ll,
688 1507 720 1570 p.
735 1488 812 1565 1953
843 1509 933 1570 quem
953 1487 1117 1552 Veturium
1145 1485 1239 1551 luisse

138 1583 317 1667 suspiceris,
340 1586 400 1646 nisi
417 1587 521 1665 gentis
537 1585 670 1648 Veturius
682 1605 720 1647 eo
739 1577 879 1666 ternpore¹
898 1587 1046 1651 memoria
1061 1587 1120 1670 *rix
1132 1605 1238 1668 super·

141 1697 234 1748 esset.
260 1685 382 1751 Deinde
406 1687 499 1752 ctiam
513 1687 594 1748 hunc
608 1686 730 1750 Cottam
751 1684 870 1750 Veterii
889 1698 1055 1766 patronum
1075 1687 1167 1748 luisse
1185 1688 1238 1748 du·

141 1777 240 1843 hilari
257 1794 373 1863 potest.
393 1779 482 1846 Dixit
502 1784 586 1844 enim
599 1781 711 1848 Cicero
724 1782 759 1847 in
772 1781 916 1846 Oratore.
941 1803 969 1845 e.
982 1781 1037 1858 38,
1053 1783 1130 1844 nihil
1143 1782 1241 1848 Cone

141 1879 294 1961 seriptum
306 1899 452 1952 manere;
469 1892 504 1947 ut
517 1881 555 1943 de
567 1877 729 1943 Messalino
747 1877 851 1950 Cotta,
863 1877 994 1942 Corvini
1010 1878 1085 1954 filio,
1104 1876 1240 1957 cogitare

142 1979 317 2044 adducaris.
334 1980 395 2056 Sed
406 1979 473 2042 haec
486 1992 550 2042 tota
565 1978 698 2042 incerta.
718 1977 901 2044 Orationem
912 1979 1010 2042 Cottoe
1027 1978 1062 2042 in
1079 1980 1240 2040 consulatu

143 2076 226 2156 apud
244 2075 421 2140 Sallustium
441 2077 608 2138 seeundum
622 2077 691 2139 veri
712 2076 867 2156 quandam
888 2073 1118 2140 similitudinem
1135 2075 1241 2141 fictam

144 2191 211 2234 esse
227 2186 467 2239 consentaneum
480 2186 537 2235 est.
564 2173 640 2256 Qua
658 2173 758 2236 Cottae
776 2171 1019 2246 inscribebatur,
1043 2174 1110 2254 lege
1125 2173 1238 2250 Varia,

143 2291 213 2334 eam
226 2291 246 2332 a
259 2273 295 2335 L.
310 2273 390 2334 AElio
407 2270 506 2334 Cottae
526 2285 635 2352 rogatu
649 2271 850 2354 compositam
868 2273 966 2338 refert
980 2271 1090 2338 Cicero
1103 2275 1190 2336 Brut.
1207 2296 1239 2337 e.

145 2370 196 2445 56,
210 2369 283 2434 205.
302 2367 355 2458 [V.
368 2369 409 2435 ir.
422 2391 454 2452 p.
471 2368 529 2432 163
542 2366 605 2455 sp]
616 2401 658 2415 —-
670 2367 725 2430 llis
739 2369 782 2434 ita
796 2372 915 2452 positis,
932 2371 1068 2452 locisque
1078 2368 1116 2439 iu
1132 2369 1242 2452 primis

143 2468 358 2540 Ciceronianis
372 2470 722 2554 composuissemus
736 2482 861 2534 oratore
875 2472 965 2534 facile
979 2471 1238 2534 eritexietimnre.

145 2571 306 2633 Summum
322 2570 371 2632 vel
393 2571 476 2632 inter
495 2586 631 2635 summos
649 2567 811 2647 equalium
827 2579 987 2632 oratorum
1006 2569 1097 2632 luisse
1113 2581 1242 2630 testatur

145 2669 213 2734 Cic.
226 2673 315 2737 Brut.
329 2691 356 2732 c.
372 2671 424 2742 55,
443 2673 521 2752 Epp.
537 2670 576 2730 ad
587 2671 654 2732 Att.
666 2669 742 2744 ΧΠ,
756 2667 809 2738 20,
825 2687 990 2748 parernque
1003 2667 1118 2730 Caesari
1132 2682 1164 2728 et
1174 2669 1242 2731 Sul·

145 2767 228 2852 picio
247 2766 388 2839 habitum
406 2765 557 2837 Ascordus
571 2762 681 2833 scribit
699 2765 739 2830 ad
755 2761 881 2828 Corsa.
896 2785 928 2846 p.
942 2762 985 2824 66
998 2763 1159 2827 edOrell.
1184 2765 1243 2828 seu

146 2869 287 2949 quemvis
298 2882 390 2937 acute
403 2865 571 2940 inveniret,
588 2865 787 2946 limatumque.
800 2861 925 2930 dicenti
936 2882 1036 2943 genus
1051 2878 1243 2928 consectare·

147 2979 209 3040 tur,
225 2965 266 3028 ob
283 2965 415 3037 laterum
433 2963 648 3029 infirmitatem
668 2983 686 3024 a
706 2962 904 3030 coemptione
924 2962 1083 3028 abstinere
1103 2974 1240 3036 cotenu,

81 3097 84 3105 .
146 3061 186 3124 ab
205 3061 372 3130 Hortensio
392 3063 584 3126 adolescente
603 3061 820 3142 superabatur,
839 3059 976 3140 quamvis
990 3057 1115 3124 nomine
1128 3061 1244 3142 primas

146 3175 254 3241 ageret
267 3163 301 3226 in
314 3157 439 3243 judiciis
458 3161 562 3245 (Brut.
581 3183 608 3227 c·
623 3161 693 3238 tt).
717 3156 803 3228 Nihil
820 3157 904 3223 enim
917 3160 1014 3234 dixit,
1028 3160 1111 3239 quod
1125 3161 1242 3238 grande

146 3275 225 3324 esset
238 3273 271 3322 et
284 3259 410 3334 elatum,
427 3259 507 3324 unde
521 3259 654 3332 Atticus,
671 3259 705 3322 in
724 3259 821 3321 Bruto
838 3256 883 3338 (o.
902 3253 962 3339 66)
984 3253 1120 3321 censoris
1139 3268 1244 3337 parter

147 3377 239 3435 agens
253 3377 316 3432 non
330 3377 405 3426 saue
420 3352 591 3420 honorifice
605 3357 644 3418 de
658 3353 722 3436 ejus
736 3353 911 3434 eloquentia
925 3350 1090 3424 existimat·
1108 3356 1240 3424 Tamen,

147 3471 181 3518 ut
192 3458 392 3532 Hortensius,
414 3477 471 3540 per
484 3455 610 3538 aliquod
625 3469 744 3537 tempos
759 3455 929 3536 exemptam
944 3453 1091 3522 Ciceroni
1104 3449 1162 3516 luit
1175 3451 1242 3512 inui-

148 3551 257 3624 tationi
271 3556 474 3637 prepositum.
501 3555 588 3625 Artis
600 3565 704 3623 autem
728 3567 761 3616 ct
781 3553 814 3616 in
834 3554 973 3623 oratoria
986 3551 1132 3617 laeultate
1150 3569 1244 3630 expro-

147 3652 261 3730 licnda,
274 3667 308 3720 et
318 3655 353 3722 iu
363 3655 489 3738 reliquia
500 3653 683 3737 disciplinis,
696 3653 730 3718 in
748 3641 857 3735 primis
872 3652 1073 3736 philosophia,
1089 3647 1246 3732 recipien-
1322 3680 1325 3686 ,

149 3753 210 3828 dis,
236 3753 380 3835 cupitum
403 3754 514 3828 luisse.
538 3755 618 3821 haud
642 3749 893 3834 improbabiliter
917 3748 1085 3818 existimes.
1113 3753 1192 3814 llam
1214 3741 1246 3810 ot

146 3849 338 3930 dialogorum
349 3850 398 3918 De
409 3865 534 3926 oratore
547 3850 651 3933 capite
661 3870 680 3912 a
689 3847 781 3913 Cotta
790 3869 856 3928 sese
870 3847 1023 3929 accepisse
1033 3847 1146 3915 moeno
1157 3844 1246 3921 1111111

148 3946 193 4025 (1,
210 3949 265 4026 88;
292 3950 351 4026 lll,
373 3948 413 4040 l)
430 3963 462 4016 et
482 3946 673 4014 Academiam
685 3959 777 4010 sectas
794 3941 918 4027 placitis
932 3944 1081 4008 imbutum
1094 3939 1185 4006 libris
1198 3942 1246 4004 Dc

154 4059 259 4112 natura
273 4053 401 4116 deorum
419 4053 564 4129 ostendit,
578 4073 648 4115 cnm
659 4050 787 4133 Epicuri
804 4061 835 4110 et
850 4049 983 4112 Zenonis
998 4059 1150 4128 praecepta
1165 4040 1243 4103 relu-
