2916 4838
760 277 829 351 366

277 435 299 472 a
309 417 804 492 uuuao1tmnmettucmm,quo
814 405 1091 474 familiarissimum
1100 417 1348 490 estleapmunue.

315 502 417 558 cont:
409 502 611 558 matutino.
626 503 749 567 ilict-ll,
765 505 791 557 6.

278 621 483 690 contrahuntur]
505 640 537 676 eo
549 623 607 696 ipso
623 635 750 696 tempore,
769 641 822 694 quc
839 622 883 676 hie
896 621 1023 694 lh'rlogus
1034 621 1150 694 scriptus
1168 633 1219 684 est,
1239 619 1345 676 ned·-

313 723 366 762 ιιιιι
380 705 430 761 illu
442 725 520 778 opere
530 719 677 779 occupetus
689 719 754 760 arat.

268 830 418 897 'Actor-atat]
437 829 526 883 nescio
541 847 575 883 an
587 829 725 884 Artabrum
742 831 778 882 sit
793 829 943 904 legendum.

285 952 390 1016 Valer.
410 951 492 1014 Max.
507 951 596 1028 vlu,
620 951 671 1028 14,
693 951 735 1014 da
754 953 801 1016 Ne
821 951 985 1038 Pompeius
1000 952 1124 1034 quidem
1149 951 1280 1034 Magnus
1300 947 1342 1011 ah

242 1053 302 1119 hoc
315 1047 428 1116 ellectu
445 1049 552 1130 glorie
569 1069 704 1124 aversus,
729 1050 782 1134 qui
795 1051 1013 1135 Theophanem
1027 1048 1246 1132 Mitylenaeum,
1263 1049 1342 1110 scri·

240 1167 364 1235 omrem
378 1171 485 1214 rerum
505 1171 642 1228 suarum,
660 1148 864 1216 inconcione
884 1148 1017 1216 militum
1038 1151 1164 1214 civitate
1186 1150 1340 1213 donavit:

241 1247 430 1317 heneficium
451 1269 509 1333 per
524 1269 557 1312 se
576 1249 709 1334 amptum
725 1264 873 1316 accurata
893 1250 987 1312 etiam
1011 1259 1044 1312 et
1061 1258 1174 1312 testata
1197 1243 1342 1310 oratione

242 1351 432 1438 prosecutus.

275 1494 291 1522 ¹*
306 1491 332 1544 tit
344 1494 478 1558 condutta]
487 1489 578 1542 Julius
587 1489 661 1544 Paris
669 1488 744 1562 legit,
755 1505 882 1542 ιιιιιιιιιιι
891 1508 917 1542 ιιι
925 1503 994 1542 conc.

285 1616 367 1679 Plul.
384 1617 493 1700 Pomp·
509 1635 540 1678 C·
555 1599 608 1677 dii
624 1627 748 1698 Πομπήϊος
767 1617 821 1680 cirri
837 1646 897 1680 ποτε
918 1625 1074 1700 δημηγορῶν,
1098 1628 1133 1678 ὅτι
1157 1629 1235 1679 πᾶσιν
1263 1626 1341 1698 ἀρχὴν

239 1713 435 1786 λάβοιιιριτιρον
448 1715 464 1781 ᾗ
476 1710 647 1785 concedimur,
662 1713 705 1766 aei
722 1712 850 1764 κατάθοιτο
864 1716 948 1766 θᾶττον
965 1712 982 1764 ἢ
994 1707 1172 1804 recordandis.

284 1839 417 1903 Causam
427 1833 491 1920 egit
504 1841 668 1923 Pompeius
678 1841 807 1920 Munus
816 1859 877 1918 pm
894 1837 933 1904 L
950 1812 1071 1920 Libone
1089 1854 1194 1900 contra
1205 1839 1342 1917 Helvium

243 1937 417 2011 Manciam,
433 1935 644 2010 Formianum,
665 1935 820 2002 Libertini
833 1935 940 2010 lilium,
958 1936 1039 2022 apud
1056 1936 1209 2000 Censores
1223 1936 1341 2021 (vater.

244 2033 324 2097 Max.
341 2035 428 2110 v111,
440 2034 471 2107 2,
484 2031 526 2119 8)
541 2055 570 2098 a.
585 2039 626 2103 U.
644 2033 718 2099 esu.

487 2233 490 2240 ’
571 2193 731 2330 txttlv.
760 2227 812 2302 Μ.
838 2204 1006 2299 ¹Crass'uu.

285 2427 328 2490 Μ.
341 2427 479 2494 Licinius
489 2430 618 2496 Crassus
630 2431 738 2496 consul
751 2427 810 2493 luit
823 2451 852 2493 a.
865 2432 908 2499 U.
923 2431 982 2495 683
996 2443 1028 2492 et
1046 2433 1117 2494 698.
1146 2427 1149 2436 ’
1167 2485 1170 2492 ,

151 2537 217 2618 191
290 2527 358 2592 Cic.
374 2525 462 2592 Brut.
484 2531 537 2606 65,
564 2531 650 2594 233.
643 2556 651 2572 ·
666 2532 709 2593 Μ.
727 2530 869 2612 Crassus,
890 2527 942 2614 qui
955 2527 1013 2591 init
1027 2528 1152 2612 aequalis
1169 2531 1343 2608 Hortensii,

245 2626 447 2693 mediocriter
466 2650 485 2693 a
509 2627 653 2696 doctrina
673 2630 853 2704 instructus,
873 2629 1030 2710 angustius
1052 2619 1147 2692 etiam
1168 2652 1188 2693 a
1210 2642 1344 2702 natura,

243 2711 352 2790 libore
370 2739 402 2789 et
418 2725 569 2790 industria
583 2738 616 2789 et
633 2729 715 2837 qnod
729 2726 895 2794 adhibebat
911 2727 950 2788 ad
964 2724 1149 2791 obtinendas
1170 2747 1277 2790 causas
1288 2747 1344 2790 cu·

243 2839 313 2886 ram
333 2824 428 2886 etiam
448 2837 480 2885 et
500 2819 651 2904 gratiam,
674 2823 708 2885 in
725 2821 924 2910 principibus
939 2825 1079 2908 patronis
1102 2825 1219 2908 aliquot
1247 2843 1347 2889 annos

241 2919 312 2982 luit.
333 2923 370 2985 ln
386 2911 476 3005 hujus
496 2920 638 2985 oratione
661 2943 763 2986 sermo
784 2923 898 2987 latinus
912 2921 996 3002 erat,
1012 2925 1110 2987 rerba
1123 2945 1187 2990 non
1207 2923 1343 3008 abjecta,

243 3037 294 3081 res
308 3023 485 3106 composite
506 3020 693 3130 diligenter,
707 3023 808 3086 nullus
818 3019 873 3085 ilos
885 3033 989 3083 tamen
1002 3042 1101 3106 neque
1114 3023 1220 3085 lumen
1233 3024 1343 3101 ullum,

244 3117 342 3182 animi
354 3139 479 3200 magna,
491 3116 578 3185 vocis
592 3140 691 3204 parva
702 3121 876 3199 contentio,
890 3119 994 3184 omnia
1010 3119 1077 3184 iere
1094 3136 1128 3184 ut
1137 3122 1286 3228 similiter
1300 3136 1347 3185 at·

244 3237 303 3300 que
317 3239 378 3283 uno
396 3220 485 3283 modo
501 3221 694 3284 dicerentur.

271 3319 396 3394 Vellei.
418 3325 463 3398 ll,
479 3323 544 3386 36
558 3321 659 3408 Quis
649 3335 788 3404 ignorat,
814 3320 984 3406 diremptos
998 3321 1150 3402 gradibus
1165 3323 1265 3388 aetatis
1286 3317 1344 3384 ilo·

246 3419 345 3490 ruisse
359 3425 419 3490 hcc
434 3438 572 3508 tempore
589 3424 784 3506 Ciceronem,
801 3421 1014 3498 Hortensium,
1030 3443 1164 3506 saneque
1186 3423 1343 3498 Crassum,

244 3519 405 3598 Catonem,
421 3519 605 3622 Sulpicium,
619 3543 748 3604 moxque
762 3523 903 3600 Brutum,
921 3517 1086 3598 Calidium,
1106 3522 1256 3598 Coelium,
1274 3523 1346 3584 Cal·

244 3643 318 3689 vum
333 3638 364 3686 et
378 3625 550 3705 proximum
559 3624 706 3694 Ciceroni
719 3623 887 3704 omanem,
900 3642 1072 3712 eorumque
1086 3625 1174 3694 velut
1187 3625 1346 3696 alumnus,

245 3709 419 3813 Corvinum
430 3743 465 3790 ac
483 3723 655 3794 Pollionem
673 3721 828 3790 Asinium.

273 3873 558 3945 'mamcCruasumi
566 3891 592 3928 e
599 3873 769 3927 idtcrassum
771 3873 877 3944 ,aliqua
885 3871 978 3926 saluam
986 3816 1345 3946 leudedignnieqnnquam

318 3975 374 4010 non
393 3957 423 4010 in
444 3956 611 4029 principibus
632 3955 722 4008 fuerit.
741 3957 784 4009 Sic
802 3955 920 4009 defendit
931 3955 1059 4010 'Ellendt
1080 3956 1109 4009 in
1130 3953 1347 4024 Historia.Elnq.

314 4039 413 4092 codicis
422 4037 555 4090 Vellciani
565 4037 705 4091 lectionem
713 4050 805 4090 contra
813 4036 978 4110 conjecturas
987 4037 1045 4091 VV.
1057 4040 1113 4092 DD.
1123 4041 1202 4090 Porro
1212 4050 1255 4090 est
1263 4037 1344 4091 intel-

316 4120 441 4194 ligendus
451 4121 486 4176 Μ.
496 4121 561 4174 Ceto
570 4119 703 4174 Uticensis
712 4121 822 4175 et‘Serv.
830 4121 966 4195 Sulpicius
976 4123 1073 4176 liuius.
1086 4119 1206 4174 Velleius
1216 4131 1242 4174 et
1251 4119 1351 4174 Cicero
