2904 4840
745 324 810 396 136

221 447 317 531 molta
337 463 367 528 ei
387 459 472 526 dicta
493 473 541 524 ost
561 459 601 522 oio
622 477 732 541 uquam
746 459 904 542 publicum
919 458 1091 538 derivatam
1113 467 1146 518 et
1165 475 1322 520 aversam.

218 569 298 630 Coto
313 583 425 629 censor
442 561 582 623 fraudem
598 556 700 634 Furii,
722 555 776 640 qui
796 577 891 640 aquus
909 579 949 620 ex
971 553 1116 618 ductibus
1134 553 1270 636 puhlicis
1288 558 1326 619 in

219 667 374 748 privatum
387 681 475 724 usum
490 660 698 730 derivaverat,
720 657 854 738 punivit,
871 657 953 737 quod
966 657 1000 718 in
1015 655 1085 716 aliis
1099 673 1221 736 quoque
1233 655 1322 728 iecit,

216 777 252 826 ut
267 781 305 825 ex
319 761 408 824 Livio
421 757 611 842 perspicitur
624 751 773 828 xxxix,
792 753 851 814 442
868 753 994 838 Aquam
1005 751 1165 830 pstblicum
1178 771 1323 830 omnem,

214 869 248 924 in
264 867 417 943 privatum
437 859 599 952 cedficiurtr
618 869 672 915 aut
690 874 800 935 agnem
808 853 975 936 fhrentem,
991 853 1170 914 ademerumt
1181 875 1325 916 censores

220 967 295 1028 Coto
304 980 333 1025 et
342 964 485 1024 Flaccus.
505 957 601 1047 [Ado.
614 957 698 1020 Plut.
710 957 781 1020 Cot.
793 977 823 1020 c.
836 955 903 1050 19.]
923 953 1035 1019 Furius
1048 957 1161 1019 deinde
1173 959 1212 1019 ud
1224 977 1324 1042 popu—

217 1067 279 1126 lum
294 1062 465 1146 appellasse
473 1061 610 1133 videtur,
621 1059 702 1140 quod
714 1077 753 1120 ex
767 1077 804 1120 eo
819 1055 987 1136 colligitur,
1000 1057 1081 1138 quod
1095 1057 1200 1142 plnres
1212 1057 1273 1119 hac
1284 1059 1325 1120 de

218 1183 253 1223 re
266 1158 426 1224 orationes
436 1177 550 1220 censor
559 1156 648 1220 dixit.

258 1259 381 1323 Charis.
390 1278 422 1341 p.
431 1259 476 1334 ΙΙ,
489 1255 680 1320 192Putseh.
691 1253 784 1317 :Cato
793 1254 827 1315 in
835 1250 937 1335 primi)
944 1263 1055 1312 contra
1062 1251 1190 1313 Furium
1198 1253 1237 1315 de
1245 1255 1325 1315 mul-

215 1375 281 1424 cta:
294 1362 332 1424 de
347 1379 421 1422 caro
435 1353 559 1438 emptis,
572 1357 601 1414 Ο
613 1357 718 1438 quanti
732 1353 784 1411 ille
797 1371 893 1433 agros
905 1356 980 1410 emit
989 1372 1048 1435 qua
1056 1373 1168 1436 aquam
1178 1355 1301 1414 duceret
1310 1354 1325 1412 l

260 1457 339 1519 ibid.
353 1475 385 1537 p
399 1452 479 1516 189.
495 1454 574 1515 Cato
588 1453 674 1512 inL.
688 1450 816 1511 Furium
831 1451 870 1510 du
885 1449 1022 1510 mulcta.
1039 1447 1206 1520 Prorsom,
1226 1453 1323 1535 quod-

213 1575 328 1639 cunque
341 1551 465 1612 videbat
466 1549 614 1631 ,[ιειζςιε,
628 1568 724 1633 neque
736 1567 918 1632 quenquam
932 1545 1149 1608 observarisse.

258 1667 340 1730 ibid.
356 1688 388 1750 p
416 1664 599 1729 186·an
617 1662 702 1726 inL.
721 1661 848 1726 Furium
863 1662 902 1723 de
917 1658 1055 1722 mulcta·
1068 1659 1251 1720 Necessario
1264 1664 1324 1740 fa·

213 1769 353 1828 cz'endom
361 1767 438 1846 fuit.

256 1869 305 1930 Id.
316 1867 343 1940 1,
364 1889 396 1950 p.
415 1865 470 1928 tot
489 1862 588 1927 :Cato
603 1865 642 1926 de
657 1863 772 1926 mulcta
787 1874 900 1925 contro
910 1863 946 1922 L.
964 1861 1091 1924 Furium
1105 1859 1227 1921 :Domi
1240 1883 1322 1923 meae

215 1971 383 2129 saegriiis
394 2066 434 2127 ud
444 2064 532 2144 Virg.
548 2063 618 2126 AEn.
633 2063 688 2136 tv,
702 2061 785 2124 ttt:
802 2061 1136 2146 «Resignareqvetuste
1146 2057 1191 2122 itu
1203 2059 1320 2122 dictum

214 2165 282 2248 (atii
296 2165 446 2242 tradunt),
461 2176 496 2225 ut
514 2179 571 2225 nos
584 2163 750 2240 adsignare
767 2162 898 2224 dicimus
916 2177 975 2242 pro
988 2159 1113 2237 damno,
1131 2170 1166 2220 ut
1181 2172 1227 2221 est
1239 2161 1321 2242 opud

163 2265 171 2278 ’
212 2265 364 2331 Catonem
376 2265 410 2328 in
421 2265 458 2329 L.
469 2260 597 2326 Furium
610 2284 619 2324 ι
636 2263 683 2322 De
693 2284 783 2346 aqua,
796 2264 877 2349 quod
884 2266 992 2322 attinet
1002 2262 1046 2320 ad
1051 2261 1232 2323 salinatores
1242 2283 1322 2322 tera·

215 2369 287 2440 rios,
303 2367 435 2424 cuicum
445 2359 659 2441 vectigalium,
674 2364 823 2440 resignat.

246 2516 284 2570 ad
298 2512 451 2568 salinatores
469 2512 585 2580 αιανίοι]
599 2511 722 2584 Vectigal
737 2513 833 2584 ingens
850 2529 883 2564 en
899 2510 954 2564 sale
968 2511 1095 2566 Romanis
1108 2511 1173 2575 fuit,
1188 2509 1259 2582 quod
1270 2513 1322 2581 qui

282 2601 430 2674 accipiebat
441 2613 470 2654 st
480 2599 612 2654 referebat
620 2599 647 2653 in
658 2598 780 2651 serarium
787 2596 937 2670 publicum,
947 2596 971 2650 is
980 2596 1079 2650 dieitur
1091 2599 1214 2651 aCutone
1223 2597 1322 2652 salinu-

284 2687 675 2762 tnroerurii.1lsst'gnarcl²estus
684 2685 1027 2762 interpretaturrescribere
1036 2686 1076 2757 (in
1085 2685 1190 2740 tubulas
1199 2685 1320 2759 referre),

188 2769 195 2789 ⁸
283 2786 315 2825 ut
324 2771 485 2846 resignatum
495 2791 542 2832 ms,
554 2771 583 2824 in
596 2768 702 2824 tabulas
715 2769 839 2822 relatum.
860 2767 970 2822 Servius
986 2779 1064 2841 putet
1079 2773 1188 2841 antique
1203 2769 1257 2823 diei
1271 2792 1321 2844 pro

282 2856 418 2908 damnare.
433 2855 485 2907 Sed
494 2852 568 2906 Festi
579 2851 763 2924 interpretatio
774 2851 861 2903 verior
871 2864 922 2904 est.
934 2851 1046 2923 Popma.
1155 2879 1158 2886 v

246 2973 293 3030 cut'
304 2997 369 3032 cura
385 2977 560 3050 vccts'guleum]
576 2975 624 3027 Est
636 2972 740 3046 ellipsis
752 2974 916 3046 pronominis
927 2971 960 3027 t's.
979 2977 1006 3028 Is
1018 2975 1063 3027 eui
1074 2993 1137 3027 curu
1149 2972 1318 3048 vectigalium

282 3074 334 3129 est,
347 3062 368 3116 i.
380 3081 405 3116 e.
415 3081 519 3116 censor.
533 3060 696 3116 salinatores
709 3059 795 3113 aerarii
809 3059 830 3111 ii
842 3073 917 3125 sunt,
930 3060 975 3130 qui
985 3079 1036 3132 pro
1048 3059 1103 3113 sale
1115 3061 1281 3116 conficiendo
1291 3073 1319 3116 et

279 3143 421 3199 vendendo
441 3144 533 3196 erario
551 3141 664 3215 vectigal
683 3143 817 3214 pendunt.
844 3145 877 3197 L.
895 3142 994 3196 Furius
1013 3143 1042 3196 in
1061 3163 1124 3216 egro
1141 3146 1318 3199 snoiortasse

280 3229 382 3283 salium
394 3227 523 3289 habola,
536 3228 565 3280 in
578 3231 691 3297 qnorum
707 3243 787 3280 usum
804 3243 839 3280 ex
853 3227 937 3280 ductu
949 3223 1060 3298 publico
1071 3245 1166 3297 squam
1176 3235 1316 3282 ιιιιιόιιι.

282 3315 351 3368 Nem
363 3311 426 3368 inde
439 3311 473 3364 ub
486 3312 561 3366 Aaou
573 3310 672 3367 lininio
685 3309 847 3382 regeliosnae
860 3309 953 3364 sulinu
965 3309 1076 3376 luerunt
1088 3310 1229 3364 institute.
1244 3311 1316 3366 Plio.

254 3537 387 3599 Festus.
378 3534 565 3595 ·Vind1cioe
582 3532 909 3648 appellanturtrosuoe,
925 3531 1088 3614 dequibus
1101 3535 1316 3598 controversia

211 3631 308 3724 [est],
333 3645 387 3697 aut
400 3634 502 3716 potius
521 3628 662 3695 dieitur
650 3651 709 3715 jus,
735 3631 809 3718 qnia
820 3628 879 3691 iit
870 3643 955 3693 mter
968 3647 1023 3692 eos
1042 3629 1097 3712 qui
1111 3634 1315 3695 contendunt.

138 3709 182 3796 34
211 3733 254 3794 M.
268 3729 369 3796 Cute
358 3749 396 3794 ιιι
407 3753 458 3809 ea,
478 3749 572 3813 qnam
590 3726 775 3813 scripsitl..
796 3726 906 3790 Furio.
898 3729 973 3787 ·De
992 3747 1098 3812 aquo..
1105 3745 1317 3810 ..spretores

209 3831 372 3893 secuudum
380 3829 530 3913 pupillum
539 3829 688 3893 vindicias
700 3828 841 3904 ἅίιιιιιι..

244 3983 382 4037 seeundum
386 3981 528 4054 populum]
539 3979 559 4031 i.
570 3997 594 4032 s.
606 3976 708 4051 populo
720 3977 850 4030 vindicius
861 3977 936 4032 dunt.
957 3978 1009 4032 Rei
1020 3977 1196 4034 contruserint
1208 4000 1316 4054 posses-

279 4073 380 4127 sionem
391 4066 494 4140 populo
505 4066 662 4119 decernunt.
684 4063 822 4118 Ducarius.
843 4065 994 4138 Corruptus
1012 4081 1054 4122 est
1072 4069 1166 4121 Festus
1184 4069 1215 4122 in
1234 4069 1316 4123 titulo

279 4153 407 4210 orationis
421 4171 427 4204 ι
443 4149 585 4224 legendum
604 4149 675 4206 enim
686 4167 766 4223 quam
779 4151 883 4224 scripsit
894 4151 920 4208 in
938 4153 968 4208 L.
983 4155 1009 4208 F
1009 4138 1109 4218 urium)
1130 4154 1315 4228 nisi-nueipere
