2904 4840
622 355 662 424 tt

99 491 234 572 primum
255 489 330 567 orti,
355 494 539 554 documenta
560 493 732 556 continent.
760 491 862 554 Etiam
875 511 965 574 quam
983 495 1190 579 Quintilianus

96 590 120 663 1,
137 593 170 665 6,
184 592 237 666 29,
254 592 293 657 ab
312 614 351 664 eo
364 593 516 676 prolatam
530 592 620 657 allert
635 594 872 677 explicationem
886 594 971 658 uocis
977 594 1083 674 frugi,
1103 612 1189 660 retu·

95 698 217 750 starum
226 707 337 752 vocum
348 691 507 772 quamdam
520 687 754 754 admirationem
769 692 913 754 ostendit,
922 689 1015 764 Conl.
1029 690 1048 771 S
1063 688 1115 768 42,
1132 713 1190 772 quo

97 786 169 850 loco
180 788 377 870 Spaldingius
389 810 553 873 perperam
569 789 698 862 Coelium
710 787 914 873 Antipatrum
921 792 1007 852 inter
1018 789 1120 874 media
1133 791 1192 854 elo·

96 889 260 968 quentium
272 891 409 973 exempla
418 883 550 974 positum
560 891 638 952 uult.
653 894 719 953 Hoc
729 891 836 963 nimia,
852 904 888 952 ut
900 891 1000 954 solent
1009 887 1045 968 ii,
1058 891 1111 972 qui
1124 910 1193 952 rem

96 983 137 1046 ab
160 995 292 1066 utraque
310 999 401 1068 parte
421 987 606 1060 defendunt,
630 988 774 1067 cupitline
798 987 843 1048 ita
866 988 1059 1068 persequitur
1082 1001 1193 1051 auctor

92 1081 183 1142 Dial.
204 1083 242 1144 de
258 1096 353 1145 oratt.
372 1100 404 1145 c.
418 1081 521 1164 18,·ut
538 1082 671 1146 Galbam
691 1094 723 1142 et
738 1081 913 1142 Carbonem
926 1084 1079 1146 imitatum
1092 1085 1193 1147 uideri

94 1177 192 1254 dicat,
209 1193 242 1243 et
256 1200 285 1242 c.
299 1180 336 1240 tt
353 1180 494 1240 hiantem
503 1177 594 1240 Coelii
611 1175 873 1257 compositionem,
892 1181 998 1242 sordes
1012 1181 1190 1256 uerborum,

96 1293 129 1341 et
143 1281 207 1343 alia
225 1280 291 1362 ejus
309 1280 392 1341 modi
410 1279 625 1361 reprehendat.
648 1277 762 1342 Verum
780 1298 810 1340 c.
824 1279 877 1352 25,
900 1281 1059 1344 Secundus
1079 1284 1193 1366 aequius

91 1377 261 1460 judicium,
276 1391 310 1439 ut
319 1376 435 1440 Plinius
448 1376 709 1460 etQuintilianus,
725 1376 890 1462 amplenus,
905 1379 1112 1456 granditatem
1118 1400 1192 1444 con·

95 1475 257 1550 siliorum,
283 1474 466 1556 dignumque
479 1474 603 1536 homine
617 1472 717 1537 libero
730 1488 763 1536 et
776 1472 920 1558 principe
935 1472 1073 1538 ciuitatis
1087 1477 1191 1540 futuro

96 1569 224 1636 dicendi
238 1591 334 1652 genus
344 1568 435 1654 justis
449 1569 590 1634 laudibus
604 1567 698 1634 tollit.
714 1570 924 1654 Quintilianus
934 1573 1020 1656 iti,
1035 1575 1106 1651 115,
1118 1575 1194 1636 mul·

95 1685 162 1733 tum
177 1667 212 1732 in
227 1690 264 1732 eo
277 1665 396 1748 ingenii
410 1662 513 1744 luisse,
525 1687 725 1750 asperumque
735 1666 768 1730 in
774 1656 888 1751 'primis
902 1671 1074 1732 accusando
1087 1671 1194 1750 cogni·

97 1785 174 1843 tum,
192 1767 390 1850 dignumque,
405 1765 454 1831 cui
468 1780 500 1828 et
514 1788 600 1830 mens
612 1764 723 1830 melior
737 1781 770 1829 et
783 1764 849 1831 uita
862 1765 988 1852 longior
1002 1765 1191 1848 contigisset.

99 1868 190 1933 cont.
203 1867 235 1941 2,
247 1867 301 1930 25.
318 1862 438 1946 Dignus
447 1861 505 1926 leit
514 1860 621 1943 igitur,
632 1886 673 1927 ex
686 1883 745 1945 quo
759 1877 863 1926 rerum
876 1861 1083 1928 oratoriarum
1092 1885 1192 1928 esem·

99 1964 151 2046 pla
164 1959 371 2026 studiosorum
385 1958 557 2024 imitatione
577 1956 611 2021 iu
632 1957 743 2043 primis
761 1960 855 2042 digua
868 1975 1065 2042 excerperet,
1089 1964 1189 2038 mlv,

99 2061 131 2137 2,
149 2060 221 2122 123.
238 2061 392 2143 Excerpta
406 2058 472 2141 ejus
485 2056 545 2121 sibi
561 2080 579 2121 a
591 2061 748 2120 Frontone
761 2056 854 2120 missa
867 2059 908 2120 Μ.
922 2056 1098 2122 Antoninus
1114 2058 1193 2124 scri·

101 2159 150 2222 bit
168 2181 200 2243 p.
221 2161 256 2223 21
277 2162 326 2222 ed.
343 2161 433 2221 Rom.
454 2161 535 2242 [Post
548 2156 731 2222 huncCoelii
745 2171 889 2242 tanquam
910 2180 929 2222 a
952 2157 1093 2224 studiosis
1116 2161 1190 2224 lecti

100 2255 218 2322 mentio
236 2277 298 2320 nou
318 2253 442 2319 uidetur
462 2254 541 2318 fieri.
568 2258 646 2319 Nam
666 2255 763 2319 verba
782 2259 921 2346 quaedam
937 2277 977 2320 ex
996 2255 1189 2322 orationibus

100 2360 309 2441 exemplorum
323 2355 423 2420 instar
436 2358 541 2418 Festus
553 2370 584 2419 et
597 2354 775 2420 Priscianus
788 2359 915 2422 babent.
931 2361 958 2422 A
973 2356 1117 2421 doctrina
1128 2381 1192 2422 non

101 2473 163 2522 tam
175 2460 298 2536 videtum
314 2452 526 2540 abhorruisse,
550 2477 639 2538 quam
659 2458 837 2520 turbulento
857 2457 984 2538 ingenio
996 2457 1192 2540 moribusque

99 2578 209 2642 parum
233 2554 374 2642 probatis
400 2576 418 2617 a
442 2554 612 2618 studiorum
636 2556 801 2619 severitate
826 2559 865 2618 ad
886 2558 989 2617 luxum
1016 2568 1049 2618 et
1076 2556 1193 2636 llagitia

98 2654 244 2738 abreptus
257 2673 332 2714 esse.
357 2652 449 2715 Certe
473 2672 537 2714 non
562 2647 656 2713 alium
675 2648 798 2734 reperio
822 2648 969 2721 Coelium,
1006 2651 1057 2712 cui
1076 2649 1193 2714 librum

100 2775 185 2816 suum
199 2756 248 2818 De
261 2749 430 2835 geometria
445 2749 643 2834 inscripserit
656 2754 765 2814 Varro.
785 2751 846 2816 Sed
860 2748 957 2830 magis
972 2747 1127 2814 ambitiosi
1144 2767 1194 2832 est

102 2873 191 2934 mam
204 2848 346 2916 discendi
361 2847 481 2933 cupidi,
499 2850 578 2931 quod
591 2846 707 2910 librum
721 2846 852 2929 aliquem
865 2843 933 2934 sibi
947 2868 965 2909 a
978 2845 1131 2912 Cicerone
1144 2847 1192 2912 iu·

99 2954 196 3017 scribi
209 2954 276 3015 uult
288 2956 366 3035 Epp.
379 2954 418 3014 ad
430 2952 514 3014 dirv.
527 2952 611 3027 Vlll,
627 2952 657 3028 3,
676 2951 788 3033 quippe
806 2962 841 3012 ut
858 2963 1023 3014 noscerent
1042 2948 1190 3030 homiues,

99 3067 217 3138 quanta
229 3074 291 3117 non
301 3055 397 3116 solum
408 3052 617 3116 familiaritate
628 3054 681 3114 sed
692 3049 786 3115 etiam
797 3049 966 3115 studiorum
978 3051 1194 3118 commuuione

100 3156 164 3239 ipse
175 3175 246 3218 cum
256 3156 465 3216 Romanorum
475 3153 703 3232 elegantissimo
710 3151 835 3234 junctus
844 3164 935 3214 esset.

144 3254 195 3318 62.
221 3256 345 3326 Restat,
371 3263 404 3312 ut
425 3250 578 3314 decausis
598 3269 781 3332 quaeramus,
806 3249 915 3332 quibus
934 3247 1093 3321 inclaruit,
1109 3252 1193 3312 etde

101 3351 239 3432 reliquiis
248 3350 407 3412 variorum
419 3362 580 3411 auctorum
590 3346 764 3410 testimonio
778 3365 835 3428 per
846 3365 968 3408 omnem
978 3346 1193 3427 antiquitatem

100 3446 257 3527 dispersis.
278 3442 511 3516 Defensionum,
528 3455 643 3524 praeter
656 3453 762 3503 notam
775 3441 872 3517 illam,
888 3440 921 3502 in
936 3459 994 3520 qua
1010 3440 1194 3502 Ciceronem

100 3545 216 3608 laboris
229 3545 344 3607 socium
359 3545 478 3618 babuit,
495 3542 607 3606 nullius
620 3540 799 3603 memoriam
814 3539 1004 3622 accepimus3
1022 3558 1121 3622 neque
1135 3535 1195 3599 lor·

79 3703 89 3726 ,
102 3657 180 3708 tasse
194 3657 308 3727 practer
322 3646 403 3708 hanc
418 3646 603 3730 Quintiliani
618 3656 756 3722 tempore
774 3642 923 3725 scriptum
944 3660 984 3701 ex
1000 3638 1067 3719 ,hoc
1081 3657 1194 3722 genere

105 3742 268 3823 quidquam
283 3743 457 3806 exstabat...
481 3737 532 3831 [V.
550 3743 591 3804 ir.
612 3760 643 3821 p.
658 3738 716 3802 193
728 3734 811 3824 sqq]
832 3739 933 3804 Sedin
947 3737 988 3798 fr.
1005 3754 1055 3815 ap.
1073 3737 1193 3800 Festum

104 3859 136 3900 r.
150 3841 242 3900 Orece
257 3857 317 3900 nec
331 3854 462 3917 constat,
486 3841 556 3921 quis
568 3840 627 3900 iste
640 3835 733 3918 suerit
752 3837 788 3898 L.
806 3834 971 3916 Stertinius
985 3832 1040 3894 sub
1062 3857 1121 3920 quo
1142 3837 1194 3917 qui

100 3934 273 4000 orationem
286 3933 409 4011 babuit,
424 3951 498 4002 tunc
511 3938 659 4001 militatus
672 3933 798 4008 dicitur,
810 3953 881 4014 cum
892 3930 1016 3994 nonnisi
1033 3934 1197 3996 contuber-

102 4030 182 4094 nalis
195 4036 236 4118 Q.
252 4031 393 4118 Pompeii
407 4037 503 4100 Roma
517 4035 644 4114 aluerit3
668 4051 768 4111 neque
787 4032 867 4114 apud
887 4029 1032 4114 populum
1052 4050 1089 4092 ea
1108 4041 1197 4090 aetate

101 4128 259 4214 ‘ludiim
268 4149 366 4216 prose
375 4131 509 4209 dicebat,
520 4136 590 4200 cum
604 4127 729 4198 nonnisi
738 4128 948 4212 perduellione
955 4140 1083 4206 excepta
1092 4141 1197 4185 omues

1051 4237 1059 4284 l
1069 4234 1078 4283 l
