2954 4840
149 501 243 545 mann
258 483 386 565 scripta.
404 449 480 546 iiam
494 471 642 564 pleraque
654 461 783 564 propria
793 492 956 544 venustate
962 467 1108 546 earentia
1122 476 1254 608 gratiam

153 581 215 643 sibi
230 576 363 642 alienam
376 591 568 642 mutuantur
1215 597 1217 604 '

197 679 245 740 Id
260 681 319 764 Ep.
332 677 371 740 ad
385 681 427 740 Μ.
445 678 521 741 Cae.
538 677 578 754 tt,
598 671 617 739 1
617 698 673 759 ,.p
666 677 748 739 .36:
740 673 1006 737 ·ProPakmaue
1021 675 1154 752 rhetore,
1166 700 1301 761 quem
1283 666 1350 744 257

153 793 188 840 tu
208 777 314 841 mihi
304 798 338 841 ιιι
364 779 494 862 epistola
518 792 571 840 tua
596 777 735 860 proxime
750 770 920 836 exhibuisti
934 774 1128 850 Tullianum,
1147 799 1203 858 ego
1220 781 1254 843 in

152 881 301 950 oratione,
318 877 409 961 quam
425 881 457 936 in
478 867 583 936 senatu
597 877 730 947 recitavi,
748 871 961 990 philosophum
983 873 1163 952 reddidi,
1132 877 1192 938 rusi
1204 897 1254 938 me

152 970 359 1057 opiniofallit,
377 974 578 1059 perattieum.

196 1074 245 1134 ld·
267 1075 325 1155 Ep.
344 1075 384 1134 ali
405 1087 537 1137 matrem
561 1072 690 1137 Cfflaris
710 1074 751 1142 ll,
776 1077 819 1198 2·
810 1090 913 1156 οΔόγιιν
928 1084 1064 1157 συνήγαγόν
1078 1103 1131 1136 τινα
1144 1104 1199 1156 περι
1192 1074 1255 1138 troi

154 1167 263 1241 ιιιγιιλιυ
271 1169 395 1234 βασιλεως
477 1184 480 1190 ’
509 1209 512 1216 .

188 1293 321 1361 βασιλέως]
342 1293 560 1366 Panegyricum
552 1315 581 1348 ιιι
599 1295 766 1349 Antoninum
778 1295 855 1349 Pium
867 1293 1005 1364 intelligit,
1020 1294 1052 1346 de
1067 1299 1121 1364 quo
1134 1277 1212 1347 etiarn
1226 1293 1254 1347 iti

221 1383 306 1454 Epist.
322 1383 371 1448 IV,
388 1384 419 1447 5,
437 1384 463 1448 6,
479 1383 613 1455 loquitur,
633 1382 763 1454 cujusque
781 1385 899 1438 meminit
915 1381 1062 1434 'Eumenius
1084 1382 1113 1434 in
1134 1382 1254 1456 Panegy-

221 1469 308 1522 rieaa.
325 1469 366 1522 14.
382 1468 443 1522 Via.
455 1473 489 1523 A.
499 1469 713 1524 Maiusin'Praef.
730 1471 821 1526 Front.
835 1491 863 1542 p.
878 1468 1010 1523 xxvrned.
1028 1469 1104 1522 Rom.
1119 1471 1188 1525 Eunt
1199 1489 1255 1536 uon

222 1556 306 1609 alium
323 1556 405 1610 fuisse
425 1576 504 1628 qnam
519 1559 674 1622 orationem,
696 1576 774 1628 quam
794 1558 861 1614 dixit
871 1558 905 1622 ⁴in
918 1568 1012 1610 uenatu
1030 1556 1098 1608 inito
1115 1555 1254 1610 contulatn

225 1641 327 1715 (Epist.
349 1644 382 1696 ad
399 1645 439 1696 M.
461 1645 638 1706 Antonini,
663 1645 707 1714 3),
724 1645 756 1722 de
770 1663 821 1716 qua
835 1643 926 1696 itidem
945 1642 989 1694 itti
1002 1661 1087 1694 sermo
1104 1656 1146 1695 est
1156 1643 1190 1694 ad
1203 1663 1255 1696 rna-

225 1739 294 1785 trem
307 1727 388 1778 Marci
402 1728 471 1800 (Ep.
487 1728 519 1780 ad
531 1728 567 1780 tt.
585 1728 716 1780 Caesarem
727 1731 764 1791 tl,
775 1729 825 1796 Δ5),
838 1725 904 1796 quin
915 1723 995 1796 plane
1009 1725 1136 1790 eamdem,
1155 1743 1188 1780 ex
1202 1745 1255 1797 quo

223 1809 281 1881 ipae
288 1811 390 1881 profert
401 1811 596 1882 quaedamvfflp.
608 1810 641 1864 ad
655 1811 770 1864 umas.
779 1811 815 1874 11,
829 1809 860 1878 4)
871 1809 1016 1872 ,existimo
1025 1807 1199 1868 Nitbtffiritt's·
1248 1831 1252 1864 t

175 2005 177 2010 ,
196 1929 314 1998 Frohto
329 1931 443 2016 Ep.²ad
457 1936 502 1997 M.
517 1934 630 1998 Cesar.
650 1937 696 2009 ll,
712 1935 752 1995 t:
770 1936 847 2018 Quae
855 1935 918 1996 sint
931 1937 1185 2020 aureshominum
1195 1937 1255 1998 hoc

151 2050 304 2116 tempore,
319 2049 437 2116 quanta*
447 2037 482 2097 in
498 2033 881 2119 spectandisorationibus
894 2036 1117 2119 elegantiam
1131 2035 1255 2101 ‘Aufidio

155 2132 361 2195 nostro‘seire
382 2131 521 2215 poteris:
539 2133 716 2214 quantosin
733 2137 878 2192 oratione
893 2134 1135 2216 meaelamores
1150 2132 1254 2198 conci·

152 2235 230 2298 tarit
249 2241 425 2315 quantoque
444 2243 600 2297 concentu
610 2224 803 2296 laudantium
822 2233 862 2294 sit
882 2245 1044 2314 exceptum
1066 2253 1075 2294 ι
1102 2233 1254 2297 Omnibus

152 2351 222 2394 tune
246 2338 351 2417 imago
364 2338 505 2412 patriciis
525 2334 713 2416 pingebatur
733 2337 876 2412 insignis.
899 2335 941 2392 At
962 2331 1017 2392 ubi
1030 2339 1127 2411 genus
1151 2333 1255 2396 nobile

151 2433 282 2514 ignobili
292 2451 476 2516 comparans
485 2433 560 2496 dixi.
577 2433 659 2508 Ut
630 2453 657 2493 ιι
668 2436 735 2517 quis
743 2437 848 2512 iguem
859 2431 898 2490 de
910 2451 984 2513 rogo
993 2445 1023 2490 et
1029 2453 1085 2492 ara
1092 2453 1253 2494 accensum

153 2531 283 2591 sarnum
298 2544 392 2610 putet,
419 2534 564 2613 quoniam
583 2521 671 2661 aeque
690 2529 810 2604 luceat,·
830 2527 870 2589 ad
889 2527 947 2588 hoc
961 2545 1059 2607 pauca
1078 2529 1254 2593 admurmu-

154 2640 354 2692 retusum.-
910 2655 912 2662 ’

190 2734 334 2830 Operibus]
358 2779 391 2813 ex
406 2744 594 2844 Panegyrieo'
586 2777 616 2812 ιιι
631 2758 707 2849 Pium
730 2756 800 2810 dieto
820 2757 874 2834 haee
896 2769 1000 2828 sumpta
1020 2770 1102 2820 sunt,
1124 2770 1155 2810 ut
1174 2756 1253 2830 e'upra

223 2847 287 2903 dixi

195 2979 243 3039 ld.
256 2980 314 3060 Ep
331 2979 370 3038 ad
381 2921 575 3040 ¹Antoninum
589 2978 632 3052 11,
651 2979 683 3040 8.
698 2923 1021 3054 Pruoeteraergame
1035 2911 1252 3039 itenerolentia

153 3092 207 3140 tua
217 3077 329 3150 lemen,
342 3079 423 3158 qnod
433 3082 616 3152 arationum
630 3097 707 3160 quas
717 3076 816 3138 irater
826 3089 895 3138 tuus
905 3073 1252 3140 Dominusnosterdesr
1315 3085 1318 3092 '

152 3178 328 3248 derererat,
339 3174 562 3262 mittendarum
571 3177 707 3256 apudme
715 3170 1252 3258 gratiamtuirevolmstt.adjuncxi

150 3275 232 3337 ultro
246 3291 303 3355 ego
315 3268 443 3357 tertiam
457 3267 627 3332 orationem
638 3293 696 3351 pro
706 3271 926 3334 Demonstrato
936 3269 1146 3330 Petiliana...
1162 3291 1253 3353 quam

150 3393 220 3434 cum
238 3369 330 3432 iratri
343 3383 396 3431 tuo
411 3365 520 3443 obtuli,
535 3366 630 3432 didici
644 3390 682 3432 ex
695 3388 744 3442 eu,
762 3367 1035 3445 Asclepiodotum,
1051 3370 1105 3452 qui
1112 3373 1253 3428 oratione

152 3477 212 3532 ista
226 3472 438 3552 compelletur,
455 3481 519 3532 ate
531 3489 595 3532 ιιοιι
609 3465 795 3552 improbari.
807 3501 848 3515 -
860 3467 948 3530 Adde
962 3470 1021 3549 Ep.
1037 3467 1076 3526 ad
1089 3469 1204 3529 Verum
1220 3473 1249 3544 9,

153 3595 186 3656 p.
208 3570 278 3634 194.
441 3619 442 3622 .

192 3669 302 3754 Qratio
335 3668 501 3736 Frontonis
530 3669 568 3728 de
600 3666 767 3729 keredrtate
791 3667 953 3738 Matidiae,
983 3664 1031 3726 Pii
1054 3621 1249 3742 matertere,

151 3779 408 3834 commemoratur
419 3784 453 3828 ιιι
463 3761 562 3847 Epist
580 3766 619 3830 ad
635 3765 787 3826 Antonin.
803 3764 848 3836 11,
866 3763 905 3824 12
919 3774 952 3823 et
967 3761 1017 3822 13.
1120 3833 1125 3839 .

156 3861 301 3934 Oratio
320 3864 483 3928 Frontonis
506 3854 658 3928 adversus
671 3865 824 3924 Herodem
847 3860 1002 3924 Atticum
1006 3869 1197 3923 memoratur
1217 3863 1257 3948 in

151 3969 249 4052 Epist.
269 3961 390 4026 Aureln
402 3963 533 4024 Caesarrs
544 3964 583 4025 ad
594 3955 784 4025 Frontonem
807 3960 869 4034 111,
884 3959 924 4071 2;
942 3959 981 4020 ad
999 3957 1192 4021 Antoninum
1205 3961 1249 4033 Π

128 4074 135 4088 ·
202 4066 242 4128 ad
252 4063 410 4127 terame
505 4119 508 4126 ,

152 4071 183 4140 8
189 4169 297 4232 Exstat
314 4161 521 4241 fragmentum
537 4153 718 4216 Gratiarum
732 4158 861 4214 actiauis
876 4137 912 4224 ιἰι
932 4167 1038 4215 senatu
1047 4172 1104 4230 pro
1122 4151 1249 4211 Carwtlra
