2916 4838
692 283 702 316 Ι

284 427 460 532 cosano,
476 477 507 539 p.
520 455 599 521 ru.
620 459 661 542 q.
679 456 785 542 nepio
806 457 840 521 sn
862 459 904 520 n.
925 456 1081 520 uminum
1100 457 1248 521 sesam
1269 457 1345 536 rege

243 556 359 622 Varias
377 553 455 616 stem
474 555 515 615 ab
537 560 597 618 isto
618 558 780 631 viderem,
801 553 925 639 inquit,'
944 558 1058 618 cotidio
1079 556 1179 618 hostes
1199 557 1345 616 consiliis

243 651 392 740 uuae.

278 807 363 862 hostes
369 810 493 876 romilde]
501 807 597 863 Charis
606 828 634 881 p.
648 785 1199 888 liiidemfragmeutum1pererrorcmvel
1209 804 1342 864 suumrcl

314 893 426 964 librarii]
437 895 475 949 sic
483 895 597 969 prebet:
608 895 676 951 Citm
685 899 717 952 ab
727 901 776 950 isto
785 917 814 951 v.
824 899 916 950 cotidie
925 896 1029 950 consido
1036 895 1130 949 besteis
1138 897 1268 970 adjuvari.

285 1035 407 1098 Charis.
417 1035 462 1112 11,
475 1055 507 1119 p.
522 1035 598 1101 1982
611 1034 715 1120 Capio
725 1037 810 1100 inst.
822 1036 978 1100 AEmilinm
989 1036 1140 1100 Scaurum
1151 1031 1341 1114 lcgeVaria:

245 1135 328 1222 Quia
338 1133 449 1202 Albius
459 1134 617 1198 virbonus
626 1149 712 1197 estet
721 1134 919 1206 vehementer
928 1136 1063 1198 Monens.
1135 1168 1137 1176 ‚

279 1281 391 1350 Albius]
399 1283 431 1338 C.
441 1280 538 1338 tibine
546 1284 669 1341 Ctlrims
676 1296 792 1354 quaestor
800 1284 853 1336 ruti
862 1303 887 1336 a.
894 1285 930 1338 U.
941 1285 1003 1338 658.

291 1421 423 1513 [a‘AIius
442 1436 490 1486 est
508 1423 559 1487 hic
573 1425 613 1508 Q.
625 1425 775 1489 Servilius
788 1421 892 1508 Coepio
912 1423 952 1488 ab
973 1425 1027 1488 illo
1046 1426 1165 1510 Quinto
1185 1425 1289 1487 fratre
1307 1423 1345 1486 iu

247 1527 317 1589 loeo
337 1523 498 1588 Ciceronis
517 1523 586 1602 cit,
606 1544 637 1588 a.
655 1526 696 1591 U.
717 1526 778 1588 658
799 1525 834 1590 iu
853 1524 979 1591 exilium
997 1539 1079 1590 acto.
1098 1527 1139 1590 V.
1151 1523 1285 1590 Wetzel.
1304 1523 1346 1584 ad

247 1623 316 1686 Cic.
329 1621 419 1683 Brut.
432 1643 461 1685 c.
475 1621 528 1696 62,
541 1621 614 1684 223.
639 1617 781 1705 Quaes'tor
794 1613 931 1686 urbanus
945 1624 1062 1688 acriter
1074 1621 1190 1688 restitit
1203 1619 1265 1702 legi
1279 1621 1344 1684 fru·

246 1719 408 1785 meutariae
418 1721 599 1790 Saturnini:
616 1723 708 1786 duct.
721 1721 770 1786 ad.
784 1723 923 1788 Herenu.
937 1725 964 1799 1,
980 1725 1032 1801 12,
1045 1711 1082 1786 21'
1090 1769 1097 1782 .
1113 1719 1272 1788 Oratorue
1281 1720 1346 1786 iue-

247 1821 303 1894 rit,
316 1842 356 1884 an
371 1842 446 1898 non,
458 1808 541 1886 nine
550 1821 632 1886 effici
646 1843 710 1886 non
723 1837 837 1906 potest,
849 1844 919 1887 cum
930 1823 1041 1889 Cicero
1051 1835 1137 1886 certe
1147 1824 1237 1886 Brut.
1247 1841 1278 1882 c.
1288 1819 1345 1896 46,

251 1919 323 1996 169,
337 1932 370 1982 ct
385 1922 436 1994 56,
455 1919 516 1984 206
531 1927 678 1994 testetur,
698 1920 737 1984 ab
750 1919 835 1982 AElio
850 1921 968 1982 Stilone
987 1918 1083 2004 ipsius
1101 1915 1233 2004 scriptas
1250 1917 1346 1982 tuisse

249 2015 415 2112 orationes
430 2042 444 2072 s
462 2017 633 2079 Westerm.
647 2037 680 2100 p.
692 2014 762 2104 96]
888 2013 890 2020 '
938 2033 941 2042 ’

584 2229 753 2340 xxxii&
780 2237 831 2307 Μ.
850 2237 1003 2308 Brutus.
1130 2293 1132 2302 .

294 2441 363 2505 Cic.
382 2443 468 2504 Brut.
487 2462 517 2505 c.
535 2442 590 2520 34,
604 2443 682 2506 130:
697 2443 739 2506 Μ.
753 2444 866 2504 Brutus
878 2441 939 2505 suit
951 2456 1114 2506 accusator
1127 2440 1295 2504 vehemens
1315 2449 1353 2500 et

252 2539 413 2614 molestus,
429 2552 468 2634 ut
482 2539 572 2608 facile
589 2559 752 2616 cerneres,
785 2541 927 2604 naturaie
945 2541 1096 2623 quoddam
1108 2534 1215 2621 stirpis
1227 2535 1349 2600 bonum

253 2635 488 2717 degeneravisse
501 2634 579 2700 vitio
592 2639 767 2722 depravata
781 2636 959 2702 voluntatis.

539 2861 649 2904 enarro
664 2862 693 2904 ru
707 2863 741 2906 u.
754 2863 891 2906 nurum!
906 2855 1059 2922 scaurus.

226 3127 234 3140 ‚
266 3139 270 3148 ¹
296 3061 401 3126 Cicer.
420 3064 482 3127 Pro
498 3063 625 3126 Fonteio
645 3085 672 3126 c.
688 3064 744 3127 13:
768 3064 812 3125 Μ.
831 3061 986 3124 AEmilinnr
1006 3062 1176 3137 Scaurum,
1199 3080 1352 3126 summum

255 3175 370 3228 nostrae
390 3159 526 3226 civitatis
540 3163 652 3240 virum,
669 3163 780 3228 scimus
801 3173 976 3226 accusatum
997 3161 1071 3244 aiil.
1091 3162 1198 3242 Bruto.
1219 3159 1353 3221 Exstant

256 3269 422 3339 orationes,
436 3265 601 3351 exquibus
615 3263 746 3344 intelligi
756 3276 872 3342 potest,¹
882 3261 977 3322 multa
995 3266 1028 3342 in
1044 3263 1130 3322 illumi
1142 3261 1357 3340 ipsumdcou·

258 3382 329 3424 rum
342 3383 410 3424 esse
423 3363 526 3423 dicto:
542 3362 628 3437 taus,
641 3359 710 3448 quis
725 3356 840 3442 negat?
853 3373 1066 3450 verumtamen
1080 3361 1120 3422 ad
1131 3357 1258 3426 inimico
1268 3358 1353 3422 dicta

257 3472 291 3522 et
302 3459 437 3544 objecta.

609 3643 718 3688 onorio
732 3640 762 3685 nt
779 3613 826 3688 cu.
841 3643 990 3696 rutrcuu.

301 3845 468 3910 Accusavit
480 3842 593 3906 deinde
606 3842 659 3904 Cn.
669 3841 821 3903 Plancum
839 3839 1022 3906 defendente
1037 3837 1073 3904 L.
1090 3837 1212 3904 Licinio
1227 3797 1353 3902 crasso.

258 3950 444 4031 Fragmenta
457 3943 617 4028 utriusque
631 3963 736 4009 eorum
750 3941 925 4008 orationum
940 3941 1023 4006 inira
1036 3942 1071 4006 in
1086 3945 1122 4006 L.
1135 3941 1248 4006 Crasso
1265 3939 1353 4002 exhi-

248 4045 408 4124 bbimus,
420 4066 454 4128 p.
468 4045 526 4106 154
537 4065 603 4125 sqq.

300 4150 369 4211 Huc
386 4142 522 4228 pertinet
534 4142 566 4206 id
580 4142 661 4225 quod
674 4138 794 4206 Plinius
807 4151 934 4217 nouat,
942 4139 983 4204 Η.
996 4139 1069 4205 Nat.
1082 4135 1230 4213 xxxvl,
1249 4137 1289 4200 32
1312 4135 1355 4196 Ι..
