2904 4840
795 382 857 452 138

271 517 347 580 Erat
359 517 440 580 idem
454 519 491 578 T.
507 513 760 580 ‘Annius'Luseus
776 519 893 598 collega
904 519 938 582 in
955 538 1086 602 censura
1097 520 1138 602 Q.
1156 517 1258 582 Fulvii
1273 519 1379 582 Nobi·
1447 505 1448 594 J

270 615 368 689 lioris,
390 637 418 679 a.
447 616 519 688 616,
542 615 567 677 si
588 614 663 676 sides
682 630 729 677 est
742 617 832 677 Festo
846 637 875 677 v.
899 617 1061 698 Religioni.
1080 617 1163 678 ldem
1184 618 1219 679 T.
1244 614 1365 680 Annius

270 717 386 780 Luscus
397 705 541 781 triumuir
552 730 621 780 erat
630 718 758 780 coloniae
767 719 954 781 deducenda
968 717 1152 799 Aquileiam.
1168 719 1238 782 Liv.
1249 717 1362 794 XLlll‚

244 813 246 824 ’
273 807 323 877 17.
339 811 434 876 Filius
445 813 510 898 ejus
525 828 657 896 quaestor
671 813 770 876 luita.
790 818 816 883 U
822 859 829 874 .
845 814 918 878 568.

195 902 196 906 ¹
311 914 435 974 Festus:
452 913 624 990 superescit
637 910 792 992 significat
805 909 997 994 supererit...
1016 915 1132 976 Verum
1149 910 1262 996 (super)
1276 914 1362 994 poni·
1447 989 1448 992 Ἴ

270 1025 322 1076 tur
336 1014 431 1074 etiam
447 1033 504 1096 pro
526 1014 617 1076 de...
633 1014 711 1088 Cato
724 1025 834 1076 contra
854 1015 1010 1096 Annium:
1027 1015 1122 1074 Nemo
1131 1029 1221 1075 antea
1223 1015 1304 1094 fecit
1319 1036 1363 1073 su·
1447 1003 1448 1046 ³

264 1136 324 1193 per
338 1115 392 1174 tali
407 1136 524 1176 recum
541 1114 596 1176 boc
608 1120 790 1198 magistratu
804 1119 903 1199 utique
917 1135 993 1177 rem.

285 1327 291 1346 ¹
382 1324 433 1384 23.
457 1339 568 1383 oasmo
590 1340 742 1383 suvrasus
763 1342 894 1394 ommim
917 1343 1068 1384 uruucruu
1090 1345 1263 1390 ramnum
1446 1315 1448 1354 ⁴

307 1510 490 1573 Rufinianus
503 1510 551 1571 De
567 1508 673 1588 liguris
686 1528 714 1569 c.
731 1510 782 1585 18,
800 1529 831 1592 p.
849 1508 910 1570 210
932 1509 982 1571 ed.
1000 1511 1139 1588 Ruhnk.‚
1155 1513 1307 1578 Catonem
1323 1519 1362 1581 al·
1446 1453 1448 1578 l

265 1609 372 1668 sertin
392 1605 559 1666 Thermum
571 1620 640 1683 post
661 1626 833 1676 censuram,
853 1608 891 1668 de
906 1627 979 1688 quo,
993 1610 1143 1689 quomodo
1157 1611 1198 1672 sit
1208 1613 1362 1694 explican·
1447 1613 1448 1626 .

266 1711 350 1784 dum,
368 1708 484 1787 ambigi
497 1720 608 1790 potest.
629 1709 667 1769 ld
681 1708 765 1769 enim
779 1727 842 1771 non
857 1708 952 1771 habet
966 1730 1034 1771 eam
1049 1710 1124 1786 vim,
1144 1726 1179 1773 ut
1189 1713 1272 1775 hanc
1288 1717 1362 1779 Cato

266 1808 437 1876 orationem
452 1807 597 1871 habuerit
620 1823 689 1892 post
709 1829 872 1873 censuram
895 1811 1031 1888 Thermi,
1048 1806 1200 1892 'quoniam
1212 1814 1362 1880 Thermus

266 1927 431 1989 numquam
442 1920 489 1967 est
504 1926 614 1970 censor
628 1906 737 1979 lactus,
762 1908 814 1970 sed
829 1907 914 1969 illam
925 1905 1078 1987 intelligo,
1094 1929 1186 1990 quam
1200 1925 1280 1974 notae
1293 1935 1362 1978 cen·

265 2010 367 2082 seriae,
391 2010 456 2070 sive
470 2009 636 2072 Thermum
648 2021 769 2082 senatu,
784 2029 838 2070 seu
851 2011 985 2091 equestri
998 2011 1106 2075 ordine
1119 2015 1263 2090 moverit,
1279 2019 1363 2080 addi·

265 2112 321 2173 dit.
355 2106 594 2202 [Probabiliore,
618 2110 650 2172 ni
673 2109 818 2186 fallimur,
846 2111 904 2172 huc
926 2111 1048 2175 ratione
1073 2115 1224 2195 explicari
1247 2131 1360 2200 potest.

264 2209 373 2270 Flebat
397 2207 491 2284 eninr,
523 2219 558 2268 ut
586 2226 730 2270 censores
752 2205 846 2268 etiam
874 2221 943 2290 post
965 2207 1073 2272 ¹actam
1101 2231 1263 2276 censuram
1287 2236 1361 2286 con-

263 2321 314 2370 tra
335 2307 476 2370 homines
491 2305 530 2370 ab
552 2305 627 2388 ipsis
651 2305 725 2366 olim
751 2318 873 2368 notatos
895 2306 992 2370 verba
1012 2307 1161 2384 lacerent,
1188 2309 1214 2372 si
1238 2317 1361 2392 quando

262 2405 374 2480 honor,
390 2425 410 2467 a
425 2424 483 2484 qno
499 2422 727 2485 percensuram
742 2401 859 2466 exclusi
874 2405 1073 2479 videbantur,
1091 2404 1129 2472 iis
1144 2409 1297 2489 posterius
1311 2414 1361 2474 dc·
1384 2413 1389 2424 '

261 2502 407 2564 ferretur.
425 2498 476 2564 Sic
488 2520 540 2581 ap.
559 2497 626 2560 Cic.
649 2499 706 2563 Or.
720 2520 778 2582 pro
793 2500 917 2564 Cluent.
933 2523 962 2564 c.
979 2502 1033 2586 42,
1051 2501 1105 2580 43,
1121 2504 1173 2566 46.
1190 2505 1257 2568 Tali
1270 2525 1359 2572 occa·

261 2599 348 2664 sione
359 2603 424 2663 haec
435 2598 534 2661 oratio
549 2594 658 2679 quidni
671 2598 766 2660 fuerit
779 2598 885 2660 habita
894 2595 922 2686 Ρ]
1117 2679 1119 2684 λ

304 2697 486 2762 Rufinianus
500 2699 560 2759 hoc
572 2696 778 2776 fragmentum
790 2693 948 2778 serravit:
968 2697 1031 2778 Qui
1042 2713 1182 2758 ventrem
1200 2721 1286 2774 suum
1300 2725 1357 2764 non

259 2818 316 2875 pro
339 2796 422 2856 hoste
441 2793 541 2862 habet,
563 2798 616 2877 qui
626 2814 685 2870 pro
708 2793 894 2871 republica,
917 2816 977 2856 non
997 2815 1055 2874 pro
1074 2816 1128 2854 sua
1147 2795 1284 2874 obserat,
1306 2805 1357 2884 qui

261 2895 346 2956 stulte
357 2895 494 2973 spondet,
511 2897 564 2976 qui
578 2893 683 2968 cupide
694 2893 835 2974 aetificat.

295 3069 343 3102 non
355 3045 591 3120 promte-habet]
610 3046 700 3098 Barth.
727 3046 837 3102 Advers.
862 3049 936 3112 XVI,
960 3049 1008 3112 ts,
1033 3051 1188 3114 XXXVIII,
1205 3054 1231 3114 6,
1246 3053 1356 3105 mutavit

328 3153 427 3190 nummo
433 3151 485 3204 pro
497 3131 567 3184 horte
576 3130 660 3191 hamt,
676 3133 747 3203 quod
759 3153 788 3186 se
801 3153 855 3188 non
867 3133 1016 3206 intelligere
1030 3137 1087 3209 ipse
1101 3137 1280 3192 Ruhnkenius
1293 3158 1354 3210 pro-

328 3215 528 3296 iracundaque
539 3228 626 3270 tamen
639 3206 739 3286 aliquid
752 3217 781 3268 in
794 3217 844 3272 hoc
853 3217 998 3290 fragmento
1013 3220 1154 3273 existimat.

292 3363 395 3416 nonpro
403 3349 469 3411 sua]
487 3343 538 3411 int.
552 3361 600 3393 non
608 3361 660 3413 pro
671 3361 721 3394 sua
732 3361 761 3395 re
773 3343 875 3395 obsonet
891 3364 899 3394 .·
912 3344 972 3414 qui,
990 3355 1120 3414 tamquam
1132 3346 1265 3417 possideat
1273 3350 1354 3401 vecti-

325 3431 395 3505 galia
408 3431 490 3484 totius
500 3429 662 3502 reipublicae,
673 3449 726 3482 non
735 3449 785 3502 pro
796 3449 847 3483 ‘suo
857 3431 964 3483 modulo
973 3445 1108 3503 sumptum
1117 3451 1197 3486 coenae
1206 3431 1281 3489 ¹lacit.

213 3615 216 3621 -
296 3571 401 3636 Festus
417 3574 451 3636 in
466 3595 496 3636 v.
514 3573 640 3633 Sacrem
650 3593 790 3651 porcum,
801 3569 822 3633 i.
838 3593 866 3634 e.
880 3571 933 3654 qui
944 3594 963 3637 a
975 3593 1064 3648 ruma
1077 3575 1219 3660 depulsus
1231 3577 1353 3644 decimo

254 3675 412 3738 circitera
431 3690 523 3757 partu
536 3674 585 3737 'die
598 3671 839 3735 immolabatur:
863 3699 877 3730 ι
900 3673 978 3736 Cato
1001 3673 1164 3766 adver[sus
1185 3681 1226 3764 Q,
1252 3681 1351 3744 Minu.

252 3774 337 3834 cium
348 3767 531 3861 The]rmum
544 3782 613 3853 post
616 3813 681 3832 .....
700 3763 762 3856 [sa]
769 3790 854 3830 crem
870 3773 901 3828 in
914 3763 1003 3859 'st'[nu
1019 3769 1188 3865 macteris]
1208 3802 1222 3833 a

278 3912 356 3980 post]
380 3907 485 3962 Excidit
496 3907 587 3960 vocab.
607 3923 749 3964 camaram.
770 3905 868 3971 [Plura
878 3905 1046 3975 exciderunt,
1059 3925 1086 3965 et
1104 3913 1182 3966 verba
1195 3931 1253 3984 quae
1269 3915 1348 3969 resti.

319 4002 436 4058 luuntur
449 3992 547 4042 incerta
558 4001 632 4041 sunt.
643 3995 653 4055 ]

290 4115 445 4176 Priscian.
469 4109 553 4183 Vlll,
582 4109 611 4184 3,
634 4128 665 4190 p.
685 4109 744 4174 365
765 4132 774 4171 z
798 4111 845 4172 M.
863 4091 940 4177 Cato
962 4115 1115 4178 censorius
1138 4117 1172 4181 in
1186 4119 1225 4202 Q.
1252 4121 1346 4185 Ther·

247 4231 331 4273 mum
349 4233 356 4270 ε
379 4207 545 4292 Postquam
559 4207 758 4290 dueu‘nsfitur.
776 4208 839 4277 Ubi
842 4211 922 4292 fitur
933 4225 979 4276 est
992 4231 1049 4295 pro
1060 4211 1106 4275 fit.
