2934 4846
634 323 680 395 25

116 457 274 536 sexaginta
296 459 331 522 in
342 459 479 540 quinque
489 457 599 521 tamir:
611 461 664 522 aad
674 479 747 522 clun
755 459 837 538 leges
849 462 1027 536 sexaginta,
1039 457 1123 522 inibi
1138 475 1214 525 eunt

1 571 2 590 ³
116 571 147 622 et
156 555 301 620 Novianoe
312 556 559 647 Atellanioloe,et
568 555 937 640 Sctpu'ontsorotimuuloe,
953 573 995 616 ae
1003 566 1038 616 tu
1047 575 1206 622 numerum
1324 563 1328 574 “

1 697 2 733 q
116 653 455 749 uimisexpaueucae.»]

160 755 210 818 19.
235 752 387 816 Africano
395 767 427 816 et
435 755 527 816 laelio
537 756 626 818 etate
640 751 907 834 tereconjuacus
920 749 1040 814 exstitit
1054 752 1125 815 Sar.
1142 754 1207 816 Sul·
1342 812 1354 826 ,.

1 881 2 916 ;
112 856 213 930 piceas
231 851 300 916 Ser.
324 851 360 910 F.
386 849 498 924 Galba,
528 847 740 914 vetustissime
753 841 926 912 nobilitatis
939 863 1033 928 gente
1054 863 1158 926 natus,
1174 865 1209 913 ut

87 939 89 950 ’
115 973 184 1034 quae
200 953 264 1038 jam
278 949 396 1016 decimo
410 966 480 1034 post
498 972 589 1031 reges
608 965 732 1012 exactos
748 969 831 1010 auno
854 953 1010 1014 consulem
1029 952 1211 1037 reipublicae

117 1053 240 1116 dederit
250 1055 317 1116 Ser.
334 1048 507 1133 Sulpicium
520 1046 731 1112 Camerinum.
748 1048 838 1108 Hunc
854 1049 1008 1124 Galbam,
1026 1053 1117 1115 Laelio
1137 1073 1212 1136 pau.

119 1151 165 1214 cis
184 1153 275 1216 annis
293 1150 457 1231 majorem,
472 1150 606 1232 bonores
620 1145 811 1227 auspicatum
819 1159 927 1206 censet
940 1145 1065 1224 Pighius
1079 1171 1107 1212 a.
1130 1154 1211 1228 5953

117 1249 237 1312 alitem
250 1245 385 1332 potuita
413 1248 486 1319 598,
500 1246 635 1310 nonalia
645 1264 749 1320 cauae,
765 1245 826 1306 nisi
839 1257 874 1304 ut
887 1263 942 1306 suo
956 1265 1039 1309 auno
1053 1245 1212 1313 videretur

118 1348 313 1412 consulatum
324 1346 468 1425 adeptum
486 1345 585 1407 sedeo
596 1340 647 1404 his
661 1341 850 1424 temporibus
859 1339 1032 1424 probabilis
1046 1343 1147 1410 videri
1159 1367 1212 1430 po-

118 1459 192 1513 teet.
207 1451 369 1512 Praetura.
382 1444 444 1508 602
457 1441 527 1520 fuit,
543 1463 602 1526 quo
614 1440 762 1506 tributura
776 1441 878 1525 plebia
884 1444 1004 1505 lelius.
1015 1445 1093 1508 Cum
1107 1447 1217 1514 deinde

121 1561 295 1631 propretor
308 1544 475 1610 Lusitania
489 1567 508 1608 a
521 1547 669 1608 barbarie
676 1547 811 1627 turpiter
823 1546 919 1622 lmus,
933 1549 987 1608 sed
1006 1559 1111 1612 tamen
1126 1569 1222 1630 genc-

1 1715 2 1726 q
87 1691 89 1698 ·
122 1664 191 1708 rose
215 1656 399 1725 provocatus
423 1655 506 1706 esset
525 1643 566 1704 ad
588 1661 707 1724 pacem,
732 1661 790 1723 per
811 1639 1039 1706 simulationem
1053 1645 1125 1708 fidei
1139 1651 1217 1712 datae

1 1743 2 1754 ’
122 1758 277 1808 armatum
287 1745 457 1808 exercitum
470 1741 661 1807 multitudini
669 1741 784 1805 inermi
796 1741 1012 1822 circumdedit,
1025 1765 1135 1810 uorem
1147 1749 1217 1812 mil·

120 1846 166 1908 lia
180 1841 253 1922 (alii
272 1839 402 1920 triginta
415 1841 517 1904 millia.
527 1841 648 1924 dicunt)
662 1838 843 1912 trucidavit,
867 1842 1001 1923 reliquos
1016 1855 1123 1927 captos
1146 1867 1220 1909 ven.

1 1971 2 2030 3
124 1939 215 2008 didit.
230 1940 306 2004 loci
321 1955 481 2004 auctorum
492 1942 567 2003 satis
581 1939 659 2004 noti.
682 1942 754 2023 Qua
773 1924 1082 2005 foeditate'motusL.
1100 1943 1225 2008 Scribo·

1 2037 2 2094 ἷ
122 2039 372 2106 niusLibotrib.
399 2043 443 2123 pt.
465 2038 658 2120 rogationem
675 2037 903 2122 promulgavit,
928 2042 974 2102 uti
990 2042 1024 2102 iu
1043 2042 1221 2109 libertatem
1311 2071 1313 2080 ·

1 2148 2 2177 ¹
123 2141 377 2212 restituerentur,
393 2136 494 2220 quiin
509 2139 644 2202 Galliam
654 2139 826 2201 venundati
838 2151 962 2216 cesam
977 2157 1070 2220 quana
1080 2142 1113 2204 iu
1129 2163 1223 2206 accu-

1 2271 2 2320 ,
124 2237 277 2310 sationem
293 2240 341 2302 rei
352 2237 496 2321 capitalia
510 2240 606 2304 uertit
628 2239 672 2300 M.
688 2239 776 2302 Cato.
800 2236 971 2321 Respondit
984 2258 1043 2322 pro
1066 2242 1168 2305 Galba
1187 2243 1221 2306 in

1 2331 2 2392 Ϊ
124 2353 235 2404 acuatu
246 2343 288 2424 Q.
304 2341 437 2404 rutum
449 2337 609 2418 Nobilior3
627 2342 777 2422 quomodo
795 2341 828 2402 in
844 2339 960 2422 judicio
974 2342 1131 2404 ambustus
1150 2360 1220 2408 eva·

124 2439 212 2513 seria
228 2461 268 2504 ex
281 2441 350 2504 Liv.
367 2439 452 2524 Epir.
469 2441 578 2516 XLIX,
608 2453 640 2501 et
664 2441 749 2504 Suet.
772 2441 867 2504 Goth.
884 2461 915 2502 c.
940 2442 961 2502 d¹
977 2439 1047 2523 (ubi
1068 2444 1151 2505 cons.
1174 2443 1221 2508 in·
1335 2464 1339 2474 ·

1 2611 2 2622 χ
126 2537 251 2621 terpp.)
273 2535 384 2618 liquet.
401 2538 512 2600 Cicero
535 2549 640 2602 tamen
661 2539 720 2620 Ep.
742 2539 783 2600 ad
795 2541 861 2600 Art.
878 2538 960 2612 ΧΠ,
977 2541 1019 2611 5,
1034 2537 1147 2600 dubius
1160 2555 1223 2614 est,

1 2653 2 2684 ἰ
48 2695 51 2702 .
126 2660 204 2702 num
213 2639 341 2700 libonio
353 2639 473 2718 rogatio
484 2638 600 2710 aaut,
613 2640 649 2700 L.
662 2636 794 2712 Marcio,
809 2638 864 2699 Μ’.
880 2637 1007 2700 Manilio
1017 2639 1116 2715 Coae,
1133 2661 1174 2704 an
1186 2643 1223 2703 T.

126 2733 278 2822 Qtriuotm
293 2739 375 2802 etM.
388 2736 492 2802 Acilio
501 2738 588 2802 Coeo.
608 2737 649 2820 (a.
668 2738 742 2825 603)
757 2737 877 2821 perlata
889 2735 931 2798 sit
940 2758 949 2798 r
958 2747 1001 2798 ⁴ut
1014 2735 1108 2802 etiam
1117 2741 1226 2807 Galba

1 2869 2 2872 ¹
128 2858 229 2902 annus
241 2837 405 2919 praetorius
423 2857 486 2900 nou
506 2838 580 2900 satie
594 2849 699 2900 certus
717 2837 770 2900 sit.
794 2835 1019 2918 Frequentibus
1041 2853 1144 2904 tumen
1166 2842 1226 2904 eus·

1 2953 2 2964 ³
128 2933 237 3014 fragiis
259 2933 375 3018 aliquot
401 2935 493 3000 aunis
521 2947 592 3018 post
616 2936 809 3010 cumulatum
833 2938 962 3019 adeptus
979 2951 1030 3000 eat
1055 2937 1102 3022 (a.
1131 2940 1222 3027 609).

21 3070 28 3076 -
129 3033 264 3118 Quando
282 3033 447 3099 deeetuerit
467 3045 555 3098 certo
575 3033 729 3115 prefinire
747 3053 809 3096 non
824 3051 1007 3117 ,postumum
1035 3056 1098 3098 non
1122 3049 1227 3102 tamen

131 3128 268 3194 vitiant.
286 3126 465 3212 aquilium,
482 3130 518 3191 C.
530 3130 717 3196 Tuditanum
732 3129 832 3204 con„
849 3131 960 3212 quibua
975 3130 1153 3197 aCicoroae
1163 3136 1227 3198 col·

1 3285 2 3288 ,
132 3229 269 3312 loquium
284 3233 323 3298 de
344 3229 517 3313 Republica
532 3230 671 3298 habitum
686 3228 816 3311 lingitur
833 3230 880 3314 (v.
906 3231 1229 3317 111,·30).1sestan·

133 3353 192 3396 nm
204 3333 279 3396 621.

177 3436 280 3507 ltunc,
295 3445 331 3494 ut
341 3432 427 3507 aliae,
449 3451 525 3514 quor
538 3429 617 3522 alibi
628 3434 881 3508 memoravimus,
893 3451 911 3496 a
923 3432 1025 3502 literis
1038 3453 1164 3516 prorsus
1177 3455 1229 3497 ru·

1 3585 2 3590 ,
135 3538 205 3598 dem
227 3535 338 3599 Cicero
361 3531 510 3616 prodidit.
538 3531 649 3623 [Immo
671 3532 752 3616 juris
773 3548 894 3597 tantum
920 3533 1023 3598 civilis
1036 3538 1170 3616 ignaros,
1197 3553 1233 3602 ut

1 3637 2 3650 ¹
138 3647 273 3720 apparet
287 3655 331 3698 ven
358 3631 381 3698 l.
401 3637 547 3697 Deerat.
567 3637 598 3711 Ι,
620 3636 671 3710 10,
690 3635 742 3696 10.
768 3637 847 3699 Add.
866 3635 910 3698 ib.
933 3637 983 3713 56,
1006 3637 1067 3699 239
1088 3660 1135 3722 sq.
1156 3643 1235 3704 We·

139 3751 245 3796 sacrm.
263 3757 296 3818 p.
318 3733 386 3826 lb]
407 3731 544 3798 Discedit
554 3737 650 3816 igitur
665 3756 682 3796 a
701 3737 743 3798 M.
760 3737 880 3801 Catone
897 3759 969 3802 sene
990 3749 1023 3800 et
1039 3741 1076 3803 P.
1091 3741 1235 3824 Scipione

139 3834 274 3918 Gaioque
288 3835 392 3912 lulio,
414 3855 544 3917 quorum
555 3837 734 3917 magnitudo
746 3835 848 3900 literis
860 3839 1030 3902 exhilarata
1045 3854 1103 3903 est.
1119 3844 1234 3904 Tamen

139 3937 191 3998 rel
206 3938 325 4002 Grecis
335 3932 490 4016 magistris
506 3937 698 4018 aliquantum
720 3936 813 4000 studii
837 3940 981 4016 dederat,
1004 3944 1084 4023 quod
1097 3963 1161 4004 uon
1178 3941 1234 4002 im-

141 4034 305 4116 probabile
312 4035 466 4110 videatur,
480 4034 623 4118 quoniam
645 4059 684 4100 cx
697 4035 859 4101 lactantio
872 4041 949 4102 lnst.
967 4041 1003 4122 V,
1020 4041 1070 4114 11,
1087 4060 1149 4102 una
1163 4058 1234 4098 cum
