2904 4840
787 363 851 434 tta

196 472 243 547 26
267 471 507 560 adversarentur
520 495 683 576 rogationi.
699 493 800 587 [Conl.
813 497 972 560 Plutarch.
984 484 1202 563 invinare.
1219 499 1365 564 Ceterum

265 599 351 661 illam
365 596 559 676 rogationem
574 597 650 660 ferri
666 618 728 660 non
744 599 879 680 potuisse
894 612 966 661 ante
981 612 1113 663 mortem
1127 599 1277 675 hlricani,
1295 601 1324 660 i:
1334 621 1363 663 e.

188 721 190 728 ’
264 709 340 772 ante
359 715 475 758 annum
488 697 559 768 569,
582 696 773 758 demonstrat
789 697 956 760 Westerm.
969 717 1001 779 p.
1019 697 1059 760 45
1078 717 1139 779 sq„
1162 697 1208 759 ita
1225 709 1260 758 ut
1276 694 1366 777 hujus

263 799 339 860 anni
351 800 411 864 569
422 795 601 886 alteratio]
990 849 992 856 .

305 901 340 960 L.
353 898 516 962 Cornelius
526 898 631 980 Scipio
646 897 801 962 Asiaticus
811 899 982 962 comitante
990 898 1087 961 iratae
1094 899 1243 964 Africano
1254 900 1362 962 adver·

261 1019 312 1076 sus
322 997 511 1061 Antiochum
522 997 639 1060 bellum
649 997 741 1078 gessit
751 1018 780 1059 a.
791 1001 832 1066 U.
845 998 918 1062 563.

474 1189 524 1250 12.
548 1209 661 1251 onnrro
682 1209 711 1250 tn
734 1209 768 1248 u.
793 1207 928 1251 ruovrun
950 1207 1150 1251 nonnionem.

270 1297 282 1330 Ι
794 1297 797 1304 .

214 1387 216 1392 ·
299 1373 372 1433 Haec
393 1371 493 1434 oratio
514 1369 638 1432 videtur
661 1368 770 1430 hahita
793 1367 827 1428 in
852 1367 915 1430 fine
939 1367 1087 1430 anniano
1102 1369 1153 1430 vel
1172 1368 1264 1432 initio
1282 1369 1359 1432 inse·

260 1469 392 1551 quentis.
409 1472 634 1548 Argumentum
644 1467 753 1530 Livius
765 1467 951 1550 suppeditat,
964 1467 1106 1536 XXXIX,
1121 1469 1160 1529 5:
1177 1469 1360 1551 Triumphus

259 1571 300 1628 M.
315 1566 422 1628 Fulvio
444 1578 491 1629 eat
510 1568 666 1630 decretus.
687 1563 902 1646 Triumphauit
922 1577 994 1626 ante
1016 1566 1098 1627 diem
1117 1564 1270 1628 decimum
1286 1566 1357 1630 Kal.

259 1663 425 1736 lanuarias
443 1668 481 1728 de
493 1664 603 1732 AEtolis
614 1679 655 1736 ,et
674 1668 712 1728 de
728 1665 940 1749 Cephallenia.
966 1668 1076 1730 Aurem
1095 1685 1217 1754 corone
1235 1679 1360 1730 centum

260 1764 421 1827 duodecim
435 1765 538 1847 pondo
558 1779 631 1827 ante
650 1773 777 1828 currum
797 1764 866 1824 latae
887 1775 970 1834 sunt,
994 1765 1241 1846 argentipondo
1263 1765 1361 1828 millia

259 1861 419 1940 octogiuta
443 1860 522 1936 tria,
551 1861 620 1924 auri
644 1861 745 1943 pundo
769 1861 902 1922 ducenta
928 1860 1131 1941 quadraginta
1157 1859 1236 1934 tria,
1266 1871 1359 1924 tetra·

257 1961 440 2024 drachmum
455 1959 594 2024 Atticum
606 1975 731 2026 centum
744 1958 917 2026 octodecim
932 1958 1045 2032 millia,
1067 1957 1221 2044 Philippei
1242 1960 1359 2024 nummi

258 2059 418 2122 duodecim
438 2057 536 2122 millia
553 2057 901 2140 quadringentiviginti
916 2057 991 2130 duo,
1011 2071 1074 2120 etc.
1098 2059 1210 2120 Multos
1229 2081 1268 2122 eo
1290 2060 1355 2130 die.

257 2156 434 2238 priusquam
454 2157 488 2218 in
509 2158 620 2219 urbem
641 2157 852 2230 inveheretur,
876 2157 909 2216 in
931 2150 1017 2220 circo
1031 2156 1183 2219 Flaminio
1204 2157 1355 2230 tribunos,

257 2247 429 2334 praelectus,
443 2254 573 2334 equites,
587 2255 786 2316 centuriones
801 2256 958 2316 Romanos
971 2254 1132 2334 sociosque
1144 2255 1232 2318 donis
1243 2253 1357 2320 milita·

256 2353 344 2416 ribus
355 2355 495 2418 donavit.
506 2354 657 2416 Militibus
666 2375 706 2416 ex
716 2353 820 2436 praeda
829 2353 955 2417 vicenos
964 2353 1074 2434 quinos
1087 2354 1227 2418 denarios
1236 2356 1356 2432 divisit,

257 2455 370 2537 duplex
380 2455 569 2526 centurioni,
582 2456 697 2537 triplex
708 2457 816 2537 equiti.

299 2556 361 2618 llas
372 2557 473 2619 Fulvii
483 2556 666 2634 largitiones
676 2575 835 2635 aggressus
847 2567 893 2616 est
903 2556 992 2619 Cato.
1135 2614 1137 2620 .

282 2654 461 2729 ¹GelliusV‚
474 2653 510 2714 6:
523 2656 565 2716 Μ.
576 2653 654 2714 Cato
668 2653 785 2736 objecit
797 2655 837 2716 M.
851 2652 957 2715 Fulvio
969 2650 1134 2725 Nobiliori,
1147 2655 1226 2734 quod
1239 2655 1353 2718 milites

254 2770 311 2834 per
326 2752 525 2831 ambitionem
541 2752 664 2814 emonis
676 2748 844 2814 levissimis·
854 2753 892 2814 de
906 2752 1007 2831 causis
1017 2752 1170 2813 donasset.
1187 2751 1307 2833 Deque
1319 2772 1352 2820 re

254 2849 428 2931 verbaipsa
439 2849 566 2930 apposui
576 2848 721 2909 Catonis:

295 2949 371 3008 Jom
399 2952 556 3027 principio
576 2952 645 3030 quis
664 2948 768 3020 nott,
787 2966 901 3009 corona
921 2947 1032 3006 donari
1051 2967 1255 3032 quenquam,
1282 2971 1350 3008 cum

252 3047 397 3123 oppidum
417 3058 539 3124 captum
558 3063 619 3103 non
638 3059 728 3114 essct,
749 3059 800 3104 aut
818 3057 918 3104 castra
936 3042 1068 3105 bostium
1086 3065 1147 3104 non
1164 3050 1290 3107 incensa
1305 3066 1349 3106 es·

252 3143 344 3205 sent?

208 3326 212 3334 .
285 3282 358 3348 lam]
371 3279 412 3332 lta
425 3279 484 3332 cod.
495 3281 554 3332 Par.
565 3253 646 3345 altem
661 3293 688 3332 et
701 3292 776 3334 vetus
793 3300 809 3367 a
826 3300 879 3336 aec.
893 3302 944 3346 m.;
964 3302 979 3334 a
997 3303 1039 3354 pr.
1055 3295 1085 3335 ut
1101 3281 1162 3336 cdd.
1178 3285 1254 3336 Nem.
1276 3283 1348 3338 lllud

320 3365 496 3439 reposuimus.
926 3383 928 3388 ·

291 3494 403 3558 Cicero
422 3492 546 3554 Tuscul.
558 3495 583 3567 Ι,
604 3492 642 3554 2:
659 3491 754 3555 «Sero
769 3512 787 3554 a
801 3494 914 3556 nostris
928 3506 1026 3577 poetae
1040 3494 1090 3555 vel
1104 3494 1221 3573 cogniti
1238 3496 1289 3557 vel
1300 3515 1347 3558 re·

247 3592 344 3680 cepti.
360 3592 553 3674 Quamquam
569 3602 615 3652 est
629 3591 662 3652 in
675 3590 875 3677 Originibus,¹
884 3591 989 3652 solitos
1002 3611 1068 3652 esse
1078 3591 1112 3651 in
1124 3592 1222 3674 epulis
1233 3611 1346 3656 canere

245 3687 395 3752 convivae
403 3690 441 3751 ad
451 3688 611 3753 tibicinem
622 3690 660 3750 de
670 3689 826 3752 clarorum
835 3688 994 3750 hominum
1001 3689 1185 3765 virtutibus3
1197 3691 1349 3768 honorem

245 3799 350 3850 tamen
370 3786 442 3850 huic
462 3783 571 3868 generi
594 3806 657 3847 non
677 3785 769 3848 luisse
789 3785 929 3848 declarat
948 3790 1045 3846 oratio
1069 3786 1204 3858 Catonis,
1230 3792 1263 3848 iu
1286 3811 1345 3873 qua

245 3882 357 3968 obJ'ect‘t
370 3905 400 3948 ut
416 3888 566 3970 probrum
586 3887 635 3947 M.
658 3877 820 3957 Nobiliori,
836 3889 917 3972 quod
933 3892 961 3947 is
977 3892 1009 3948 in
1026 3895 1224 3968 provinciam.
1238 3906 1346 3968 poetas

245 3988 394 4050 duxisset.
411 3991 551 4051 Duxerat
568 3998 670 4048 autem
690 3987 797 4048 consul
814 3982 977 4069 illeiauno
993 3987 1067 4075 tot)
1082 3991 1116 4050 iu
1130 3991 1288 4064 AEtoliam,
1311 4003 1345 4054 ut

244 4085 373 4162 scimus,
395 4085 539 4147 Ennium.
565 4085 655 4142 Hunc
673 4101 711 4142 ex
730 4082 876 4146 Sardinia
892 4085 958 4166 ipse
972 4085 1051 4150 Cato
1065 4098 1196 4168 quaestor
1214 4091 1344 4152 Romam

245 4186 414 4248 deduxerat
428 4202 511 4244 anno
522 4179 594 4244 550.
617 4175 728 4269 [Recte
741 4181 909 4247 observare
922 4185 1046 4248 videtur
1060 4183 1194 4250 Bolhuis.
1212 4209 1243 4271 p.
1261 4187 1341 4258 126:
