<?xml version="1.0" encoding="UTF-8"?>
<!DOCTYPE html PUBLIC "-//W3C//DTD XHTML 1.0 Transitional//EN"
    "http://www.w3.org/TR/xhtml1/DTD/xhtml1-transitional.dtd">
<html xmlns="http://www.w3.org/1999/xhtml" xml:lang="en" lang="en">
 <head>
  <title>
</title>
<meta http-equiv="Content-Type" content="text/html;charset=utf-8" />
  <meta name='ocr-system' content='tesseract 3.04.00' />
  <meta name='ocr-capabilities' content='ocr_page ocr_carea ocr_par ocr_line ocrx_word'/>
</head>
<body>
  <div class='ocr_page' id='page_1' title='image "./oratorumromanor00meyegoog_0380.png"; bbox 0 0 2954 4840; ppageno 0'>
   <div class='ocr_carea' id='block_1_1' title="bbox 743 345 811 421">
    <p class='ocr_par' dir='ltr' id='par_1_1' title="bbox 743 345 811 421">
     <span class='ocr_line' id='line_1_1' title="bbox 743 345 811 421; baseline -0.059 1"><span class='ocrx_word' id='word_1_1' title='bbox 743 345 811 421; x_wconf 79' lang='lat'><strong>³54</strong></span> 
     </span>
    </p>
   </div>
   <div class='ocr_carea' id='block_1_2' title="bbox 223 481 1333 2058">
    <p class='ocr_par' dir='ltr' id='par_1_2' title="bbox 223 481 1333 1359">
     <span class='ocr_line' id='line_1_2' title="bbox 270 481 1328 566; baseline 0.004 -22"><span class='ocrx_word' id='word_1_2' title='bbox 270 484 344 545; x_wconf 87' lang='lat' dir='ltr'><strong>Tac.</strong></span> <span class='ocrx_word' id='word_1_3' title='bbox 364 487 449 546; x_wconf 79' lang='lat' dir='ltr'><strong>Ana.</strong></span> <span class='ocrx_word' id='word_1_4' title='bbox 467 485 520 560; x_wconf 88' lang='lat' dir='ltr'><strong>Ill,</strong></span> <span class='ocrx_word' id='word_1_5' title='bbox 538 483 577 546; x_wconf 93' lang='grc'><strong>66</strong></span> <span class='ocrx_word' id='word_1_6' title='bbox 589 503 598 544; x_wconf 75' lang='lat' dir='ltr'><strong>r</strong></span> <span class='ocrx_word' id='word_1_7' title='bbox 611 482 649 546; x_wconf 89' lang='lat' dir='ltr'><strong>C.</strong></span> <span class='ocrx_word' id='word_1_8' title='bbox 664 481 817 560; x_wconf 86' lang='lat' dir='ltr'><strong>Silanum,</strong></span> <span class='ocrx_word' id='word_1_9' title='bbox 833 485 1051 566; x_wconf 79' lang='lat' dir='ltr'><strong>proconsulem</strong></span> <span class='ocrx_word' id='word_1_10' title='bbox 1073 485 1164 558; x_wconf 72' lang='lat' dir='ltr'><strong>Auito,</strong></span> <span class='ocrx_word' id='word_1_11' title='bbox 1183 497 1328 566; x_wconf 78' lang='lat' dir='ltr'><strong>repeton</strong></span> 
     </span>
     <span class='ocr_line' id='line_1_3' title="bbox 228 577 1329 662; baseline 0.003 -20"><span class='ocrx_word' id='word_1_12' title='bbox 228 582 336 642; x_wconf 89' lang='lat' dir='ltr'><strong>darom</strong></span> <span class='ocrx_word' id='word_1_13' title='bbox 357 600 376 640; x_wconf 91' lang='lat' dir='ltr'><strong>a</strong></span> <span class='ocrx_word' id='word_1_14' title='bbox 393 577 486 644; x_wconf 89' lang='lat' dir='ltr'><strong>sociis</strong></span> <span class='ocrx_word' id='word_1_15' title='bbox 499 580 697 662; x_wconf 85' lang='lat' dir='ltr'><strong>postulatum,</strong></span> <span class='ocrx_word' id='word_1_16' title='bbox 719 581 891 640; x_wconf 82' lang='lat' dir='ltr'><strong>Mamercus</strong></span> <span class='ocrx_word' id='word_1_17' title='bbox 912 581 1046 642; x_wconf 78' lang='lat' dir='ltr'><em>Scaurus</em></span> <span class='ocrx_word' id='word_1_18' title='bbox 1067 602 1085 646; x_wconf 91' lang='lat' dir='ltr'><strong>e</strong></span> <span class='ocrx_word' id='word_1_19' title='bbox 1106 582 1329 657; x_wconf 85' lang='lat' dir='ltr'><strong>consularibus,</strong></span> 
     </span>
     <span class='ocr_line' id='line_1_4' title="bbox 227 681 1333 767; baseline 0.001 -23"><span class='ocrx_word' id='word_1_20' title='bbox 227 683 339 747; x_wconf 80' lang='lat' dir='ltr'><strong>Jnnius</strong></span> <span class='ocrx_word' id='word_1_21' title='bbox 358 681 442 748; x_wconf 90' lang='lat' dir='ltr'><strong>Otho</strong></span> <span class='ocrx_word' id='word_1_22' title='bbox 456 693 582 764; x_wconf 78' lang='lat' dir='ltr'><strong>praetor,</strong></span> <span class='ocrx_word' id='word_1_23' title='bbox 600 681 755 746; x_wconf 87' lang='lat' dir='ltr'><strong>Brutidins</strong></span> <span class='ocrx_word' id='word_1_24' title='bbox 766 682 862 762; x_wconf 83' lang='lat' dir='ltr'><strong>Niger</strong></span> <span class='ocrx_word' id='word_1_25' title='bbox 875 683 973 746; x_wconf 73' lang='lat' dir='ltr'><strong>editis</strong></span> <span class='ocrx_word' id='word_1_26' title='bbox 984 683 1075 748; x_wconf 86' lang='lat' dir='ltr'><strong>simul</strong></span> <span class='ocrx_word' id='word_1_27' title='bbox 1090 683 1266 767; x_wconf 86' lang='lat' dir='ltr'><strong>corripiunt</strong></span> <span class='ocrx_word' id='word_1_28' title='bbox 1279 685 1333 747; x_wconf 90' lang='lat' dir='ltr'><strong>ob·</strong></span> 
     </span>
     <span class='ocr_line' id='line_1_5' title="bbox 223 780 1332 868; baseline 0.002 -22"><span class='ocrx_word' id='word_1_29' title='bbox 223 784 403 866; x_wconf 81' lang='lat' dir='ltr'><strong>jectantqne</strong></span> <span class='ocrx_word' id='word_1_30' title='bbox 419 783 566 846; x_wconf 84' lang='lat' dir='ltr'><strong>violatum</strong></span> <span class='ocrx_word' id='word_1_31' title='bbox 582 780 712 862; x_wconf 76' lang='lat' dir='ltr'>Augusti</span> <span class='ocrx_word' id='word_1_32' title='bbox 734 802 860 858; x_wconf 90' lang='lat' dir='ltr'><strong>numen,</strong></span> <span class='ocrx_word' id='word_1_33' title='bbox 883 796 1020 864; x_wconf 86' lang='lat' dir='ltr'><strong>spretam</strong></span> <span class='ocrx_word' id='word_1_34' title='bbox 1045 781 1166 848; x_wconf 86' lang='lat' dir='ltr'><strong>Tiberii</strong></span> <span class='ocrx_word' id='word_1_35' title='bbox 1191 785 1332 868; x_wconf 83' lang='lat' dir='ltr'><strong>majesta·</strong></span> 
     </span>
     <span class='ocr_line' id='line_1_6' title="bbox 227 878 1330 963; baseline 0.001 -19"><span class='ocrx_word' id='word_1_36' title='bbox 227 895 306 958; x_wconf 78' lang='lat' dir='ltr'><strong>tem3</strong></span> <span class='ocrx_word' id='word_1_37' title='bbox 322 883 496 944; x_wconf 76' lang='lat' dir='ltr'>Mamercus</span> <span class='ocrx_word' id='word_1_38' title='bbox 510 879 639 962; x_wconf 76' lang='lat' dir='ltr'><strong>andqna</strong></span> <span class='ocrx_word' id='word_1_39' title='bbox 651 881 792 962; x_wconf 86' lang='lat' dir='ltr'><strong>exempla</strong></span> <span class='ocrx_word' id='word_1_40' title='bbox 804 878 937 962; x_wconf 79' lang='lat' dir='ltr'><strong>jaciens,</strong></span> <span class='ocrx_word' id='word_1_41' title='bbox 960 881 995 942; x_wconf 85' lang='lat' dir='ltr'><strong>l..</strong></span> <span class='ocrx_word' id='word_1_42' title='bbox 1019 880 1144 946; x_wconf 86' lang='lat' dir='ltr'><strong>Cottam</strong></span> <span class='ocrx_word' id='word_1_43' title='bbox 1155 900 1174 944; x_wconf 88' lang='lat' dir='ltr'><strong>a</strong></span> <span class='ocrx_word' id='word_1_44' title='bbox 1184 880 1330 963; x_wconf 87' lang='lat' dir='ltr'>Scipione</span> 
     </span>
     <span class='ocr_line' id='line_1_7' title="bbox 228 975 1331 1055; baseline 0.003 -13"><span class='ocrx_word' id='word_1_45' title='bbox 228 980 389 1054; x_wconf 78' lang='lat' dir='ltr'><strong>Africano,</strong></span> <span class='ocrx_word' id='word_1_46' title='bbox 405 977 475 1042; x_wconf 89' lang='lat' dir='ltr'><strong>Ser.</strong></span> <span class='ocrx_word' id='word_1_47' title='bbox 492 978 656 1044; x_wconf 89' lang='lat' dir='ltr'><strong>Galbama</strong></span> <span class='ocrx_word' id='word_1_48' title='bbox 669 978 789 1044; x_wconf 79' lang='lat' dir='ltr'><strong>Catone</strong></span> <span class='ocrx_word' id='word_1_49' title='bbox 804 975 957 1055; x_wconf 87' lang='lat' dir='ltr'><strong>censorio,</strong></span> <span class='ocrx_word' id='word_1_50' title='bbox 970 981 1008 1042; x_wconf 90' lang='lat' dir='ltr'><strong>P.</strong></span> <span class='ocrx_word' id='word_1_51' title='bbox 1024 976 1174 1044; x_wconf 76' lang='lat' dir='ltr'>Rutilium</span> <span class='ocrx_word' id='word_1_52' title='bbox 1188 1001 1209 1042; x_wconf 87' lang='lat' dir='ltr'><strong>a</strong></span> <span class='ocrx_word' id='word_1_53' title='bbox 1223 981 1331 1045; x_wconf 85' lang='lat' dir='ltr'><strong>Marco</strong></span> 
     </span>
     <span class='ocr_line' id='line_1_8' title="bbox 226 1079 1332 1163; baseline 0.003 -21"><span class='ocrx_word' id='word_1_54' title='bbox 226 1092 395 1144; x_wconf 87' lang='lat' dir='ltr'><strong>accusatos.</strong></span> <span class='ocrx_word' id='word_1_55' title='bbox 411 1079 564 1141; x_wconf 88' lang='lat' dir='ltr'><strong>Videlicet</strong></span> <span class='ocrx_word' id='word_1_56' title='bbox 577 1080 681 1163; x_wconf 81' lang='lat' dir='ltr'><strong>Scipio</strong></span> <span class='ocrx_word' id='word_1_57' title='bbox 697 1093 730 1142; x_wconf 87' lang='lat' dir='ltr'><strong>et</strong></span> <span class='ocrx_word' id='word_1_58' title='bbox 751 1079 829 1142; x_wconf 87' lang='lat' dir='ltr'><strong>Cato</strong></span> <span class='ocrx_word' id='word_1_59' title='bbox 844 1079 918 1143; x_wconf 90' lang='lat' dir='ltr'><strong>talia</strong></span> <span class='ocrx_word' id='word_1_60' title='bbox 939 1080 1182 1157; x_wconf 82' lang='lat' dir='ltr'><strong>ulciscebantur,</strong></span> <span class='ocrx_word' id='word_1_61' title='bbox 1212 1095 1266 1146; x_wconf 85' lang='lat' dir='ltr'><strong>aut</strong></span> <span class='ocrx_word' id='word_1_62' title='bbox 1279 1083 1332 1146; x_wconf 84' lang='lat' dir='ltr'><strong>ille</strong></span> 
     </span>
     <span class='ocr_line' id='line_1_9' title="bbox 224 1175 1331 1260; baseline 0.001 -20"><span class='ocrx_word' id='word_1_63' title='bbox 224 1176 370 1249; x_wconf 84' lang='lat' dir='ltr'><strong>Scaurus,</strong></span> <span class='ocrx_word' id='word_1_64' title='bbox 387 1195 478 1260; x_wconf 88' lang='lat' dir='ltr'><strong>quem</strong></span> <span class='ocrx_word' id='word_1_65' title='bbox 498 1195 647 1258; x_wconf 79' lang='lat' dir='ltr'><strong>proavum</strong></span> <span class='ocrx_word' id='word_1_66' title='bbox 662 1197 748 1242; x_wconf 84' lang='lat' dir='ltr'><strong>suum</strong></span> <span class='ocrx_word' id='word_1_67' title='bbox 773 1175 974 1260; x_wconf 90' lang='lat' dir='ltr'><strong>opprobrium</strong></span> <span class='ocrx_word' id='word_1_68' title='bbox 989 1176 1143 1260; x_wconf 85' lang='lat' dir='ltr'><strong>majorum</strong></span> <span class='ocrx_word' id='word_1_69' title='bbox 1157 1180 1331 1244; x_wconf 81' lang='lat' dir='ltr'><strong>Mamercus</strong></span> 
     </span>
     <span class='ocr_line' id='line_1_10' title="bbox 224 1274 695 1359; baseline -0.002 -21"><span class='ocrx_word' id='word_1_70' title='bbox 224 1274 332 1339; x_wconf 80' lang='lat' dir='ltr'><strong>infami</strong></span> <span class='ocrx_word' id='word_1_71' title='bbox 348 1295 444 1359; x_wconf 89' lang='lat' dir='ltr'><strong>opera</strong></span> <span class='ocrx_word' id='word_1_72' title='bbox 462 1276 695 1340; x_wconf 75' lang='lat' dir='ltr'><strong>dehonestabat.</strong></span> 
     </span>
    </p>

    <p class='ocr_par' dir='ltr' id='par_1_3' title="bbox 267 1377 613 1445">
     <span class='ocr_line' id='line_1_11' title="bbox 267 1377 613 1445; baseline -0.009 -5"><span class='ocrx_word' id='word_1_73' title='bbox 267 1380 304 1440; x_wconf 93' lang='lat' dir='ltr'><strong>ld</strong></span> <span class='ocrx_word' id='word_1_74' title='bbox 316 1378 430 1441; x_wconf 86' lang='lat' dir='ltr'><strong>accidit</strong></span> <span class='ocrx_word' id='word_1_75' title='bbox 443 1397 473 1440; x_wconf 81' lang='lat' dir='ltr'><strong>a.</strong></span> <span class='ocrx_word' id='word_1_76' title='bbox 487 1379 529 1445; x_wconf 85' lang='lat' dir='ltr'><strong>U.</strong></span> <span class='ocrx_word' id='word_1_77' title='bbox 541 1377 613 1440; x_wconf 78' lang='lat'><strong>774.</strong></span> 
     </span>
    </p>

    <p class='ocr_par' dir='ltr' id='par_1_4' title="bbox 224 1478 1328 1662">
     <span class='ocr_line' id='line_1_12' title="bbox 265 1478 1328 1562; baseline 0.003 -22"><span class='ocrx_word' id='word_1_78' title='bbox 265 1479 345 1542; x_wconf 89' lang='lat' dir='ltr'><strong>lbid.</strong></span> <span class='ocrx_word' id='word_1_79' title='bbox 362 1481 419 1555; x_wconf 89' lang='lat' dir='ltr'><strong>Vl,</strong></span> <span class='ocrx_word' id='word_1_80' title='bbox 438 1480 455 1540; x_wconf 82' lang='lat'>9</span> <span class='ocrx_word' id='word_1_81' title='bbox 476 1480 623 1554; x_wconf 61' lang='lat' dir='ltr'><strong>:Annius</strong></span> <span class='ocrx_word' id='word_1_82' title='bbox 637 1478 748 1552; x_wconf 87' lang='lat' dir='ltr'><strong>Pollio,</strong></span> <span class='ocrx_word' id='word_1_83' title='bbox 766 1481 884 1562; x_wconf 75' lang='lat' dir='ltr'><strong>Appius</strong></span> <span class='ocrx_word' id='word_1_84' title='bbox 902 1479 1025 1546; x_wconf 88' lang='lat' dir='ltr'><strong>Silanus</strong></span> <span class='ocrx_word' id='word_1_85' title='bbox 1040 1481 1159 1544; x_wconf 74' lang='lat' dir='ltr'><strong>Scauro</strong></span> <span class='ocrx_word' id='word_1_86' title='bbox 1174 1483 1328 1545; x_wconf 86' lang='lat' dir='ltr'><strong>Mamerco</strong></span> 
     </span>
     <span class='ocr_line' id='line_1_13' title="bbox 224 1575 1059 1662; baseline -0.005 -21"><span class='ocrx_word' id='word_1_87' title='bbox 224 1580 315 1642; x_wconf 91' lang='lat' dir='ltr'><strong>simul</strong></span> <span class='ocrx_word' id='word_1_88' title='bbox 330 1599 367 1640; x_wconf 93' lang='lat' dir='ltr'><strong>ac</strong></span> <span class='ocrx_word' id='word_1_89' title='bbox 382 1578 498 1641; x_wconf 85' lang='lat' dir='ltr'><strong>Sabino</strong></span> <span class='ocrx_word' id='word_1_90' title='bbox 512 1579 647 1643; x_wconf 78' lang='lat' dir='ltr'><strong>Calvisio</strong></span> <span class='ocrx_word' id='word_1_91' title='bbox 661 1575 833 1660; x_wconf 86' lang='lat' dir='ltr'><strong>majestatis</strong></span> <span class='ocrx_word' id='word_1_92' title='bbox 851 1581 1059 1662; x_wconf 88' lang='lat' dir='ltr'><strong>postulantur.</strong></span> 
     </span>
    </p>

    <p class='ocr_par' dir='ltr' id='par_1_5' title="bbox 223 1677 1326 2058">
     <span class='ocr_line' id='line_1_14' title="bbox 266 1677 1326 1766; baseline 0.002 -25"><span class='ocrx_word' id='word_1_93' title='bbox 266 1679 349 1742; x_wconf 92' lang='lat' dir='ltr'><strong>lbid.</strong></span> <span class='ocrx_word' id='word_1_94' title='bbox 366 1680 424 1754; x_wconf 88' lang='lat' dir='ltr'><strong>vl,</strong></span> <span class='ocrx_word' id='word_1_95' title='bbox 450 1679 489 1742; x_wconf 80' lang='lat'><strong>29</strong></span> <span class='ocrx_word' id='word_1_96' title='bbox 501 1700 510 1741; x_wconf 77' lang='grc' dir='ltr'><strong><em>ε</em></strong></span> <span class='ocrx_word' id='word_1_97' title='bbox 523 1681 697 1742; x_wconf 76' lang='lat' dir='ltr'><strong>Mamercus</strong></span> <span class='ocrx_word' id='word_1_98' title='bbox 707 1677 781 1742; x_wconf 87' lang='lat' dir='ltr'><strong>dein</strong></span> <span class='ocrx_word' id='word_1_99' title='bbox 798 1681 932 1744; x_wconf 89' lang='lat' dir='ltr'><strong>Scaurus</strong></span> <span class='ocrx_word' id='word_1_100' title='bbox 943 1701 1063 1744; x_wconf 88' lang='lat' dir='ltr'><strong>rursum</strong></span> <span class='ocrx_word' id='word_1_101' title='bbox 1077 1683 1261 1766; x_wconf 86' lang='lat' dir='ltr'><strong>postulatur,</strong></span> <span class='ocrx_word' id='word_1_102' title='bbox 1279 1683 1326 1744; x_wconf 89' lang='lat' dir='ltr'><strong>in·</strong></span> 
     </span>
     <span class='ocr_line' id='line_1_15' title="bbox 223 1775 1323 1864; baseline 0.004 -24"><span class='ocrx_word' id='word_1_103' title='bbox 223 1775 322 1864; x_wconf 75' lang='lat' dir='ltr'><strong>signis</strong></span> <span class='ocrx_word' id='word_1_104' title='bbox 336 1775 500 1840; x_wconf 83' lang='lat' dir='ltr'><strong>nobilitate</strong></span> <span class='ocrx_word' id='word_1_105' title='bbox 513 1791 546 1839; x_wconf 91' lang='lat' dir='ltr'><strong>et</strong></span> <span class='ocrx_word' id='word_1_106' title='bbox 559 1778 687 1841; x_wconf 89' lang='lat' dir='ltr'><strong>orandis</strong></span> <span class='ocrx_word' id='word_1_107' title='bbox 702 1777 803 1844; x_wconf 86' lang='lat' dir='ltr'><strong>causis</strong></span> <span class='ocrx_word' id='word_1_108' title='bbox 818 1823 826 1852; x_wconf 86' lang='lat'>‚</span> <span class='ocrx_word' id='word_1_109' title='bbox 855 1779 920 1842; x_wconf 80' lang='lat' dir='ltr'><strong>vita</strong></span> <span class='ocrx_word' id='word_1_110' title='bbox 934 1778 1158 1862; x_wconf 69' lang='lat' dir='ltr'><strong>probrosus...</strong></span> <span class='ocrx_word' id='word_1_111' title='bbox 1179 1781 1323 1858; x_wconf 87' lang='lat' dir='ltr'><strong>Scaurus,</strong></span> 
     </span>
     <span class='ocr_line' id='line_1_16' title="bbox 223 1871 1326 1954; baseline 0.003 -18"><span class='ocrx_word' id='word_1_112' title='bbox 223 1886 258 1936; x_wconf 90' lang='lat' dir='ltr'><strong>ut</strong></span> <span class='ocrx_word' id='word_1_113' title='bbox 280 1873 407 1954; x_wconf 83' lang='lat' dir='ltr'><strong>dignum</strong></span> <span class='ocrx_word' id='word_1_114' title='bbox 430 1873 589 1938; x_wconf 87' lang='lat' dir='ltr'><strong>veteribus</strong></span> <span class='ocrx_word' id='word_1_115' title='bbox 610 1871 753 1948; x_wconf 88' lang='lat' dir='ltr'><strong>AEmiliis‚</strong></span> <span class='ocrx_word' id='word_1_116' title='bbox 780 1875 1009 1938; x_wconf 84' lang='lat' dir='ltr'><strong>damnationem</strong></span> <span class='ocrx_word' id='word_1_117' title='bbox 1036 1877 1146 1952; x_wconf 82' lang='lat' dir='ltr'><strong>anteit,</strong></span> <span class='ocrx_word' id='word_1_118' title='bbox 1179 1877 1326 1941; x_wconf 83' lang='lat' dir='ltr'><strong>hortante</strong></span> 
     </span>
     <span class='ocr_line' id='line_1_17' title="bbox 224 1971 1218 2058; baseline -0.002 -21"><span class='ocrx_word' id='word_1_119' title='bbox 224 1971 329 2037; x_wconf 85' lang='lat' dir='ltr'><strong>Sextia</strong></span> <span class='ocrx_word' id='word_1_120' title='bbox 344 1993 454 2050; x_wconf 83' lang='lat' dir='ltr'><strong>uxore,</strong></span> <span class='ocrx_word' id='word_1_121' title='bbox 474 1992 540 2055; x_wconf 82' lang='lat' dir='ltr'><strong>qum</strong></span> <span class='ocrx_word' id='word_1_122' title='bbox 555 1973 793 2036; x_wconf 82' lang='lat' dir='ltr'><strong>incitamentum</strong></span> <span class='ocrx_word' id='word_1_123' title='bbox 808 1975 918 2038; x_wconf 87' lang='lat' dir='ltr'><strong>mortis</strong></span> <span class='ocrx_word' id='word_1_124' title='bbox 936 1989 968 2046; x_wconf 81' lang='lat' dir='ltr'><strong>et</strong></span> <span class='ocrx_word' id='word_1_125' title='bbox 980 1975 1137 2058; x_wconf 84' lang='lat' dir='ltr'><strong>particeps</strong></span> <span class='ocrx_word' id='word_1_126' title='bbox 1151 1975 1218 2037; x_wconf 86' lang='lat' dir='ltr'><strong>luit.</strong></span> 
     </span>
    </p>
   </div>
   <div class='ocr_carea' id='block_1_3' title="bbox 121 2108 1327 2246">
    <p class='ocr_par' dir='ltr' id='par_1_6' title="bbox 121 2108 1327 2246">
     <span class='ocr_line' id='line_1_18' title="bbox 121 2108 1327 2246; baseline 0.001 -85"><span class='ocrx_word' id='word_1_127' title='bbox 121 2112 196 2194; x_wconf 65' lang='lat'><strong>236</strong></span> <span class='ocrx_word' id='word_1_128' title='bbox 252 2109 428 2246; x_wconf 52' lang='grc' dir='ltr'><strong>ρωιιιίαίιῖινθ]</strong></span> <span class='ocrx_word' id='word_1_129' title='bbox 447 2109 589 2173; x_wconf 77' lang='lat' dir='ltr'><strong>aTltosco,</strong></span> <span class='ocrx_word' id='word_1_130' title='bbox 604 2121 636 2162; x_wconf 86' lang='lat' dir='ltr'><strong>ut</strong></span> <span class='ocrx_word' id='word_1_131' title='bbox 652 2109 782 2168; x_wconf 69' lang='lat' dir='ltr'><strong>mnata</strong></span> <span class='ocrx_word' id='word_1_132' title='bbox 797 2108 906 2162; x_wconf 85' lang='lat' dir='ltr'><strong>tradidit</strong></span> <span class='ocrx_word' id='word_1_133' title='bbox 923 2110 1021 2164; x_wconf 80' lang='lat' dir='ltr'><strong>Seneca</strong></span> <span class='ocrx_word' id='word_1_134' title='bbox 1039 2111 1139 2164; x_wconf 77' lang='lat' dir='ltr'><strong>Smsor</strong></span> <span class='ocrx_word' id='word_1_135' title='bbox 1160 2112 1194 2174; x_wconf 93' lang='lat' dir='ltr'><strong>ll,</strong></span> <span class='ocrx_word' id='word_1_136' title='bbox 1208 2129 1268 2182; x_wconf 76' lang='lat' dir='ltr'><strong>pag.</strong></span> <span class='ocrx_word' id='word_1_137' title='bbox 1283 2111 1327 2174; x_wconf 80' lang='grc'><strong>94,</strong></span> 
     </span>
     <span class='ocr_line' id='line_1_19' title="bbox 293 2195 436 2246; baseline -0.028 0"><span class='ocrx_word' id='word_1_138' title='bbox 293 2211 363 2246; x_wconf 87' lang='lat' dir='ltr'><strong>enno</strong></span> <span class='ocrx_word' id='word_1_139' title='bbox 392 2195 408 2246; x_wconf 79' lang='lat'>8</span> <span class='ocrx_word' id='word_1_140' title='bbox 430 2230 436 2242; x_wconf 89' lang='lat'><strong>.</strong></span> 
     </span>
    </p>
   </div>
   <div class='ocr_carea' id='block_1_4' title="bbox 256 2312 1054 2596">
    <p class='ocr_par' dir='ltr' id='par_1_7' title="bbox 256 2312 1054 2596">
     <span class='ocr_line' id='line_1_20' title="bbox 256 2312 968 2384; baseline 0.006 -19"><span class='ocrx_word' id='word_1_141' title='bbox 256 2314 474 2384; x_wconf 80' lang='lat' dir='ltr'><strong>oltaprobrorur]</strong></span> <span class='ocrx_word' id='word_1_142' title='bbox 492 2312 548 2365; x_wconf 88' lang='lat' dir='ltr'><strong>rid.</strong></span> <span class='ocrx_word' id='word_1_143' title='bbox 563 2313 664 2367; x_wconf 79' lang='lat' dir='ltr'><strong>Senceu</strong></span> <span class='ocrx_word' id='word_1_144' title='bbox 678 2315 716 2366; x_wconf 84' lang='lat' dir='ltr'><strong>Dc</strong></span> <span class='ocrx_word' id='word_1_145' title='bbox 729 2315 844 2368; x_wconf 84' lang='lat' dir='ltr'><strong>Bencllc.</strong></span> <span class='ocrx_word' id='word_1_146' title='bbox 860 2316 908 2378; x_wconf 88' lang='lat' dir='ltr'><strong>tv,</strong></span> <span class='ocrx_word' id='word_1_147' title='bbox 924 2319 968 2369; x_wconf 80' lang='grc'><strong>61.</strong></span> 
     </span>
     <span class='ocr_line' id='line_1_21' title="bbox 490 2515 1054 2596; baseline -0.004 -6"><span class='ocrx_word' id='word_1_148' title='bbox 490 2518 532 2590; x_wconf 88' lang='lat' dir='ltr'><strong>C.</strong></span> <span class='ocrx_word' id='word_1_149' title='bbox 562 2519 729 2596; x_wconf 82' lang='lat' dir='ltr'><strong>Decimus</strong></span> <span class='ocrx_word' id='word_1_150' title='bbox 755 2516 883 2589; x_wconf 74' lang='lat' dir='ltr'><strong>Laelius</strong></span> <span class='ocrx_word' id='word_1_151' title='bbox 908 2515 1054 2588; x_wconf 82' lang='lat' dir='ltr'><strong>balbus.</strong></span> 
     </span>
    </p>
   </div>
   <div class='ocr_carea' id='block_1_5' title="bbox 219 2745 1325 3010">
    <p class='ocr_par' dir='ltr' id='par_1_8' title="bbox 219 2745 1325 3010">
     <span class='ocr_line' id='line_1_22' title="bbox 263 2745 1322 2832; baseline 0 -22"><span class='ocrx_word' id='word_1_152' title='bbox 263 2746 397 2832; x_wconf 87' lang='lat' dir='ltr'><strong>Quintil.</strong></span> <span class='ocrx_word' id='word_1_153' title='bbox 421 2747 462 2822; x_wconf 85' lang='lat' dir='ltr'><strong>X,</strong></span> <span class='ocrx_word' id='word_1_154' title='bbox 490 2749 517 2821; x_wconf 89' lang='grc'><strong>1,</strong></span> <span class='ocrx_word' id='word_1_155' title='bbox 547 2747 609 2810; x_wconf 80' lang='lat'><strong>24:</strong></span> <span class='ocrx_word' id='word_1_156' title='bbox 630 2745 728 2810; x_wconf 89' lang='lat' dir='ltr'><strong>Nobis</strong></span> <span class='ocrx_word' id='word_1_157' title='bbox 748 2748 853 2829; x_wconf 85' lang='lat' dir='ltr'><strong>pueris</strong></span> <span class='ocrx_word' id='word_1_158' title='bbox 868 2749 1004 2828; x_wconf 83' lang='lat' dir='ltr'><strong>insignes</strong></span> <span class='ocrx_word' id='word_1_159' title='bbox 1015 2770 1074 2827; x_wconf 79' lang='lat' dir='ltr'><strong>pro</strong></span> <span class='ocrx_word' id='word_1_160' title='bbox 1092 2749 1243 2812; x_wconf 79' lang='lat' dir='ltr'><strong>Voluseno</strong></span> <span class='ocrx_word' id='word_1_161' title='bbox 1265 2749 1322 2810; x_wconf 86' lang='lat' dir='ltr'><strong>Co·</strong></span> 
     </span>
     <span class='ocr_line' id='line_1_23' title="bbox 221 2845 1325 2932; baseline 0.005 -24"><span class='ocrx_word' id='word_1_162' title='bbox 221 2847 282 2909; x_wconf 87' lang='lat' dir='ltr'><strong>tulo</strong></span> <span class='ocrx_word' id='word_1_163' title='bbox 297 2845 428 2912; x_wconf 88' lang='lat' dir='ltr'><strong>Domitii</strong></span> <span class='ocrx_word' id='word_1_164' title='bbox 444 2849 523 2924; x_wconf 74' lang='lat' dir='ltr'><strong>utri,</strong></span> <span class='ocrx_word' id='word_1_165' title='bbox 542 2845 644 2932; x_wconf 87' lang='lat' dir='ltr'><strong>Crispi</strong></span> <span class='ocrx_word' id='word_1_166' title='bbox 659 2849 811 2922; x_wconf 86' lang='lat' dir='ltr'><strong>Passieni,</strong></span> <span class='ocrx_word' id='word_1_167' title='bbox 836 2849 958 2908; x_wconf 80' lang='lat' dir='ltr'><strong>Decimi</strong></span> <span class='ocrx_word' id='word_1_168' title='bbox 976 2847 1071 2910; x_wconf 72' lang='lat' dir='ltr'><strong>Lala</strong></span> <span class='ocrx_word' id='word_1_169' title='bbox 1083 2856 1233 2911; x_wconf 80' lang='lat' dir='ltr'><strong>orattbnes</strong></span> <span class='ocrx_word' id='word_1_170' title='bbox 1247 2850 1325 2913; x_wconf 82' lang='lat' dir='ltr'><strong>iere·</strong></span> 
     </span>
     <span class='ocr_line' id='line_1_24' title="bbox 219 2948 346 3010; baseline 0.016 -2"><span class='ocrx_word' id='word_1_171' title='bbox 219 2948 346 3010; x_wconf 87' lang='lat' dir='ltr'><strong>bantur.</strong></span> 
     </span>
    </p>
   </div>
   <div class='ocr_carea' id='block_1_6' title="bbox 208 3080 1322 4266">
    <p class='ocr_par' dir='ltr' id='par_1_9' title="bbox 255 3080 1322 3844">
     <span class='ocr_line' id='line_1_25' title="bbox 255 3080 1322 3162; baseline 0.001 -29"><span class='ocrx_word' id='word_1_172' title='bbox 255 3084 291 3133; x_wconf 90' lang='lat' dir='ltr'><strong>D.</strong></span> <span class='ocrx_word' id='word_1_173' title='bbox 311 3080 404 3149; x_wconf 79' lang='lat' dir='ltr'><strong>Lalt&#39;r&#39;]</strong></span> <span class='ocrx_word' id='word_1_174' title='bbox 423 3083 561 3136; x_wconf 80' lang='lat' dir='ltr'><strong>Annorum</strong></span> <span class='ocrx_word' id='word_1_175' title='bbox 577 3082 691 3156; x_wconf 85' lang='lat' dir='ltr'><strong>spatium</strong></span> <span class='ocrx_word' id='word_1_176' title='bbox 704 3081 776 3138; x_wconf 89' lang='lat' dir='ltr'><strong>baud</strong></span> <span class='ocrx_word' id='word_1_177' title='bbox 789 3083 918 3154; x_wconf 84' lang='lat' dir='ltr'><strong>permittit</strong></span> <span class='ocrx_word' id='word_1_178' title='bbox 934 3100 1074 3162; x_wconf 72' lang='lat' dir='ltr'><strong>agnoscere</strong></span> <span class='ocrx_word' id='word_1_179' title='bbox 1090 3085 1122 3136; x_wconf 86' lang='lat' dir='ltr'><strong>D.</strong></span> <span class='ocrx_word' id='word_1_180' title='bbox 1137 3082 1248 3138; x_wconf 82' lang='lat' dir='ltr'><strong>Lmlium</strong></span> <span class='ocrx_word' id='word_1_181' title='bbox 1262 3082 1322 3136; x_wconf 80' lang='lat' dir='ltr'><strong>mt-</strong></span> 
     </span>
     <span class='ocr_line' id='line_1_26' title="bbox 290 3169 1321 3242; baseline -0.003 -18"><span class='ocrx_word' id='word_1_182' title='bbox 290 3170 364 3233; x_wconf 90' lang='lat' dir='ltr'><strong>bum,</strong></span> <span class='ocrx_word' id='word_1_183' title='bbox 376 3187 454 3240; x_wconf 87' lang='lat' dir='ltr'><strong>quem</strong></span> <span class='ocrx_word' id='word_1_184' title='bbox 465 3188 497 3222; x_wconf 87' lang='lat' dir='ltr'><strong>ex</strong></span> <span class='ocrx_word' id='word_1_185' title='bbox 512 3169 598 3223; x_wconf 87' lang='lat' dir='ltr'><strong>Cicer.</strong></span> <span class='ocrx_word' id='word_1_186' title='bbox 613 3171 652 3222; x_wconf 89' lang='lat' dir='ltr'><strong>Dc</strong></span> <span class='ocrx_word' id='word_1_187' title='bbox 664 3183 730 3222; x_wconf 86' lang='lat' dir='ltr'><strong>orat.</strong></span> <span class='ocrx_word' id='word_1_188' title='bbox 746 3169 781 3236; x_wconf 87' lang='lat'><strong>11,</strong></span> <span class='ocrx_word' id='word_1_189' title='bbox 805 3172 830 3235; x_wconf 87' lang='grc'><strong>6,</strong></span> <span class='ocrx_word' id='word_1_190' title='bbox 851 3171 999 3242; x_wconf 89' lang='lat' dir='ltr'><strong>accepimus</strong></span> <span class='ocrx_word' id='word_1_191' title='bbox 1014 3170 1100 3222; x_wconf 72' lang='lat' dir='ltr'><strong>vnum</strong></span> <span class='ocrx_word' id='word_1_192' title='bbox 1115 3169 1216 3224; x_wconf 89' lang='lat' dir='ltr'><strong>bonum</strong></span> <span class='ocrx_word' id='word_1_193' title='bbox 1229 3182 1321 3224; x_wconf 85' lang='lat' dir='ltr'><strong>elnon</strong></span> 
     </span>
     <span class='ocr_line' id='line_1_27' title="bbox 289 3255 1321 3328; baseline -0.001 -20"><span class='ocrx_word' id='word_1_194' title='bbox 289 3255 445 3309; x_wconf 86' lang='lat' dir='ltr'><strong>illiteratum</strong></span> <span class='ocrx_word' id='word_1_195' title='bbox 460 3275 529 3320; x_wconf 82' lang='lat' dir='ltr'><strong>esse,</strong></span> <span class='ocrx_word' id='word_1_196' title='bbox 547 3257 593 3328; x_wconf 92' lang='lat' dir='ltr'><strong>qui</strong></span> <span class='ocrx_word' id='word_1_197' title='bbox 607 3269 766 3327; x_wconf 83' lang='lat' dir='ltr'><strong>quresturam</strong></span> <span class='ocrx_word' id='word_1_198' title='bbox 780 3256 863 3327; x_wconf 81' lang='lat' dir='ltr'><strong>gessit</strong></span> <span class='ocrx_word' id='word_1_199' title='bbox 876 3275 900 3309; x_wconf 93' lang='lat' dir='ltr'><strong>a.</strong></span> <span class='ocrx_word' id='word_1_200' title='bbox 916 3259 950 3311; x_wconf 87' lang='lat' dir='ltr'><strong>U.</strong></span> <span class='ocrx_word' id='word_1_201' title='bbox 964 3258 1026 3309; x_wconf 83' lang='grc'><strong>696.</strong></span> <span class='ocrx_word' id='word_1_202' title='bbox 1040 3257 1095 3308; x_wconf 85' lang='lat' dir='ltr'><strong>Nec</strong></span> <span class='ocrx_word' id='word_1_203' title='bbox 1109 3256 1190 3328; x_wconf 82' lang='lat' dir='ltr'><strong>magio</strong></span> <span class='ocrx_word' id='word_1_204' title='bbox 1208 3268 1321 3319; x_wconf 88' lang='lat' dir='ltr'><strong>constat,</strong></span> 
     </span>
     <span class='ocr_line' id='line_1_28' title="bbox 288 3341 1322 3416; baseline -0.002 -20"><span class='ocrx_word' id='word_1_205' title='bbox 288 3362 322 3396; x_wconf 84' lang='lat' dir='ltr'><strong>an</strong></span> <span class='ocrx_word' id='word_1_206' title='bbox 333 3342 388 3407; x_wconf 90' lang='lat' dir='ltr'><strong>hic,</strong></span> <span class='ocrx_word' id='word_1_207' title='bbox 401 3361 480 3414; x_wconf 88' lang='lat' dir='ltr'><strong>quem</strong></span> <span class='ocrx_word' id='word_1_208' title='bbox 491 3344 643 3414; x_wconf 74' lang='lat' dir='ltr'><strong>quaerimus,</strong></span> <span class='ocrx_word' id='word_1_209' title='bbox 656 3342 725 3396; x_wconf 87' lang='lat' dir='ltr'><strong>idem</strong></span> <span class='ocrx_word' id='word_1_210' title='bbox 736 3343 771 3394; x_wconf 84' lang='lat' dir='ltr'><strong>sit</strong></span> <span class='ocrx_word' id='word_1_211' title='bbox 782 3361 842 3394; x_wconf 87' lang='lat' dir='ltr'><strong>curn</strong></span> <span class='ocrx_word' id='word_1_212' title='bbox 853 3344 886 3394; x_wconf 88' lang='lat' dir='ltr'><strong>D.</strong></span> <span class='ocrx_word' id='word_1_213' title='bbox 901 3341 993 3408; x_wconf 80' lang='lat' dir='ltr'><strong>Laelio,</strong></span> <span class='ocrx_word' id='word_1_214' title='bbox 1005 3347 1049 3416; x_wconf 85' lang='lat' dir='ltr'><strong>qul</strong></span> <span class='ocrx_word' id='word_1_215' title='bbox 1061 3361 1085 3396; x_wconf 87' lang='lat' dir='ltr'><strong>a.</strong></span> <span class='ocrx_word' id='word_1_216' title='bbox 1096 3345 1131 3396; x_wconf 86' lang='lat' dir='ltr'><strong>ll.</strong></span> <span class='ocrx_word' id='word_1_217' title='bbox 1146 3343 1198 3395; x_wconf 85' lang='grc'><strong>699</strong></span> <span class='ocrx_word' id='word_1_218' title='bbox 1207 3355 1322 3414; x_wconf 85' lang='lat' dir='ltr'><strong>quaestor</strong></span> 
     </span>
     <span class='ocr_line' id='line_1_29' title="bbox 291 3425 1319 3498; baseline 0.002 -20"><span class='ocrx_word' id='word_1_219' title='bbox 291 3428 319 3480; x_wconf 93' lang='lat' dir='ltr'><strong>in</strong></span> <span class='ocrx_word' id='word_1_220' title='bbox 334 3425 425 3480; x_wconf 88' lang='lat' dir='ltr'><strong>Sicilia</strong></span> <span class='ocrx_word' id='word_1_221' title='bbox 437 3426 532 3493; x_wconf 84' lang='lat' dir='ltr'><strong>fuerat,</strong></span> <span class='ocrx_word' id='word_1_222' title='bbox 546 3440 574 3480; x_wconf 88' lang='lat' dir='ltr'><strong>et</strong></span> <span class='ocrx_word' id='word_1_223' title='bbox 586 3439 678 3481; x_wconf 79' lang='lat' dir='ltr'><strong>contra</strong></span> <span class='ocrx_word' id='word_1_224' title='bbox 690 3445 767 3498; x_wconf 84' lang='lat' dir='ltr'><strong>quem</strong></span> <span class='ocrx_word' id='word_1_225' title='bbox 781 3427 818 3479; x_wconf 91' lang='lat' dir='ltr'><strong>M.</strong></span> <span class='ocrx_word' id='word_1_226' title='bbox 832 3426 933 3479; x_wconf 76' lang='lat' dir='ltr'><strong>Coelius</strong></span> <span class='ocrx_word' id='word_1_227' title='bbox 944 3427 972 3478; x_wconf 90' lang='lat' dir='ltr'><strong>in</strong></span> <span class='ocrx_word' id='word_1_228' title='bbox 986 3427 1105 3480; x_wconf 83' lang='lat' dir='ltr'><strong>oratione</strong></span> <span class='ocrx_word' id='word_1_229' title='bbox 1116 3425 1228 3497; x_wconf 84' lang='lat' dir='ltr'><strong>quadam</strong></span> <span class='ocrx_word' id='word_1_230' title='bbox 1242 3427 1319 3489; x_wconf 83' lang='lat' dir='ltr'><strong>dixit,</strong></span> 
     </span>
     <span class='ocr_line' id='line_1_30' title="bbox 289 3510 1322 3583; baseline 0 -17"><span class='ocrx_word' id='word_1_231' title='bbox 289 3525 362 3567; x_wconf 81' lang='lat' dir='ltr'><strong>utex</strong></span> <span class='ocrx_word' id='word_1_232' title='bbox 374 3512 490 3583; x_wconf 87' lang='lat' dir='ltr'><strong>Quintil.</strong></span> <span class='ocrx_word' id='word_1_233' title='bbox 505 3513 553 3578; x_wconf 84' lang='lat' dir='ltr'><strong>Vl,</strong></span> <span class='ocrx_word' id='word_1_234' title='bbox 568 3516 595 3578; x_wconf 81' lang='lat'><strong>8,</strong></span> <span class='ocrx_word' id='word_1_235' title='bbox 612 3515 656 3577; x_wconf 81' lang='grc'><strong>69,</strong></span> <span class='ocrx_word' id='word_1_236' title='bbox 669 3513 777 3565; x_wconf 79' lang='lat' dir='ltr'><strong>scimus.</strong></span> <span class='ocrx_word' id='word_1_237' title='bbox 792 3511 870 3564; x_wconf 78' lang='lat' dir='ltr'><strong>Alius</strong></span> <span class='ocrx_word' id='word_1_238' title='bbox 880 3514 913 3564; x_wconf 89' lang='lat' dir='ltr'><strong>D.</strong></span> <span class='ocrx_word' id='word_1_239' title='bbox 925 3510 1023 3564; x_wconf 77' lang='lat' dir='ltr'><strong>Laeliue</strong></span> <span class='ocrx_word' id='word_1_240' title='bbox 1037 3511 1194 3564; x_wconf 78' lang='lat' dir='ltr'><strong>ctdirersna</strong></span> <span class='ocrx_word' id='word_1_241' title='bbox 1206 3511 1322 3566; x_wconf 82' lang='lat' dir='ltr'><strong>abutro·</strong></span> 
     </span>
     <span class='ocr_line' id='line_1_31' title="bbox 287 3595 1320 3670; baseline -0.003 -20"><span class='ocrx_word' id='word_1_242' title='bbox 287 3615 349 3668; x_wconf 88' lang='lat' dir='ltr'><strong>quc,</strong></span> <span class='ocrx_word' id='word_1_243' title='bbox 363 3615 430 3670; x_wconf 85' lang='lat' dir='ltr'><strong>quos</strong></span> <span class='ocrx_word' id='word_1_244' title='bbox 442 3597 587 3664; x_wconf 83' lang='lat' dir='ltr'><strong>nominari,</strong></span> <span class='ocrx_word' id='word_1_245' title='bbox 600 3595 768 3652; x_wconf 87' lang='lat' dir='ltr'><strong>consulatum</strong></span> <span class='ocrx_word' id='word_1_246' title='bbox 780 3595 863 3668; x_wconf 77' lang='lat' dir='ltr'><strong>gessit</strong></span> <span class='ocrx_word' id='word_1_247' title='bbox 875 3613 900 3650; x_wconf 86' lang='lat' dir='ltr'><strong>a.</strong></span> <span class='ocrx_word' id='word_1_248' title='bbox 911 3597 943 3650; x_wconf 90' lang='lat' dir='ltr'><strong>U.</strong></span> <span class='ocrx_word' id='word_1_249' title='bbox 960 3595 1023 3660; x_wconf 77' lang='lat' dir='ltr'><strong>tlt,</strong></span> <span class='ocrx_word' id='word_1_250' title='bbox 1037 3609 1069 3650; x_wconf 91' lang='lat' dir='ltr'><strong>ut</strong></span> <span class='ocrx_word' id='word_1_251' title='bbox 1078 3597 1128 3651; x_wconf 89' lang='lat' dir='ltr'><strong>Dio</strong></span> <span class='ocrx_word' id='word_1_252' title='bbox 1139 3595 1248 3652; x_wconf 80' lang='lat' dir='ltr'><strong>Cassius</strong></span> <span class='ocrx_word' id='word_1_253' title='bbox 1260 3596 1320 3660; x_wconf 84' lang='lat' dir='ltr'><strong>LV,</strong></span> 
     </span>
     <span class='ocr_line' id='line_1_32' title="bbox 287 3678 1318 3751; baseline -0.004 -15"><span class='ocrx_word' id='word_1_254' title='bbox 287 3684 314 3746; x_wconf 90' lang='grc'><strong>9,</strong></span> <span class='ocrx_word' id='word_1_255' title='bbox 334 3682 437 3738; x_wconf 87' lang='lat' dir='ltr'><strong>retulit.</strong></span> <span class='ocrx_word' id='word_1_256' title='bbox 454 3681 526 3751; x_wconf 88' lang='lat' dir='ltr'><strong>Quid</strong></span> <span class='ocrx_word' id='word_1_257' title='bbox 544 3700 605 3736; x_wconf 86' lang='lat' dir='ltr'><strong>vero</strong></span> <span class='ocrx_word' id='word_1_258' title='bbox 619 3679 733 3751; x_wconf 86' lang='lat' dir='ltr'><strong>emplius</strong></span> <span class='ocrx_word' id='word_1_259' title='bbox 744 3681 758 3734; x_wconf 80' lang='lat' dir='ltr'><strong>i&#39;</strong></span> <span class='ocrx_word' id='word_1_260' title='bbox 770 3700 818 3736; x_wconf 85' lang='lat' dir='ltr'><strong>cur</strong></span> <span class='ocrx_word' id='word_1_261' title='bbox 831 3680 934 3734; x_wconf 85' lang='lat' dir='ltr'><strong>diutius</strong></span> <span class='ocrx_word' id='word_1_262' title='bbox 950 3678 1075 3736; x_wconf 85' lang='lat' dir='ltr'><strong>lectorem</strong></span> <span class='ocrx_word' id='word_1_263' title='bbox 1087 3681 1239 3734; x_wconf 73' lang='lat' dir='ltr'><strong>moremur?</strong></span> <span class='ocrx_word' id='word_1_264' title='bbox 1255 3679 1318 3742; x_wconf 80' lang='lat' dir='ltr'><strong>liic,</strong></span> 
     </span>
     <span class='ocr_line' id='line_1_33' title="bbox 286 3764 1318 3844; baseline -0.004 -23"><span class='ocrx_word' id='word_1_265' title='bbox 286 3767 319 3822; x_wconf 89' lang='lat' dir='ltr'><strong>de</strong></span> <span class='ocrx_word' id='word_1_266' title='bbox 334 3787 388 3840; x_wconf 87' lang='lat' dir='ltr'><strong>quo</strong></span> <span class='ocrx_word' id='word_1_267' title='bbox 400 3769 496 3844; x_wconf 78' lang='lat' dir='ltr'><strong>agitur,</strong></span> <span class='ocrx_word' id='word_1_268' title='bbox 511 3787 525 3820; x_wconf 92' lang='lat' dir='ltr'><strong>a</strong></span> <span class='ocrx_word' id='word_1_269' title='bbox 539 3767 629 3819; x_wconf 85' lang='lat' dir='ltr'><strong>Tacito</strong></span> <span class='ocrx_word' id='word_1_270' title='bbox 639 3778 856 3822; x_wconf 85' lang='lat' dir='ltr'><strong>commemoratur</strong></span> <span class='ocrx_word' id='word_1_271' title='bbox 870 3765 1074 3834; x_wconf 74' lang='lat' dir='ltr'><strong>annat.v1,tt</strong></span> <span class='ocrx_word' id='word_1_272' title='bbox 1086 3787 1093 3818; x_wconf 82' lang='lat' dir='ltr'><strong>r</strong></span> <span class='ocrx_word' id='word_1_273' title='bbox 1107 3767 1204 3820; x_wconf 79' lang='lat' dir='ltr'><strong>Latius</strong></span> <span class='ocrx_word' id='word_1_274' title='bbox 1217 3764 1318 3817; x_wconf 79' lang='lat' dir='ltr'><strong>Balbus</strong></span> 
     </span>
    </p>

    <p class='ocr_par' dir='ltr' id='par_1_10' title="bbox 208 3845 1320 4266">
     <span class='ocr_line' id='line_1_34' title="bbox 208 3845 1319 3922; baseline -0.005 -17"><span class='ocrx_word' id='word_1_275' title='bbox 208 3845 210 3850; x_wconf 45' lang='lat'><strong>¹</strong></span> <span class='ocrx_word' id='word_1_276' title='bbox 286 3854 421 3918; x_wconf 79' lang='lat' dir='ltr'><strong>Acutram,</strong></span> <span class='ocrx_word' id='word_1_277' title='bbox 442 3851 479 3904; x_wconf 88' lang='lat' dir='ltr'><strong>P.</strong></span> <span class='ocrx_word' id='word_1_278' title='bbox 495 3847 599 3904; x_wconf 80' lang='lat' dir='ltr'><strong>Vitellii</strong></span> <span class='ocrx_word' id='word_1_279' title='bbox 614 3848 741 3922; x_wconf 83' lang='lat' dir='ltr'><strong>quondam</strong></span> <span class='ocrx_word' id='word_1_280' title='bbox 754 3866 871 3907; x_wconf 74' lang='lat' dir='ltr'><strong>uxorem,</strong></span> <span class='ocrx_word' id='word_1_281' title='bbox 893 3847 1038 3922; x_wconf 77' lang='lat' dir='ltr'><strong>majestatis</strong></span> <span class='ocrx_word' id='word_1_282' title='bbox 1058 3849 1246 3920; x_wconf 78' lang='lat' dir='ltr'><strong>postulaverat,</strong></span> <span class='ocrx_word' id='word_1_283' title='bbox 1263 3863 1319 3917; x_wconf 84' lang='lat' dir='ltr'><strong>qua</strong></span> 
     </span>
     <span class='ocr_line' id='line_1_35' title="bbox 286 3933 1316 4010; baseline -0.006 -16"><span class='ocrx_word' id='word_1_284' title='bbox 286 3941 471 3994; x_wconf 76' lang='lat' dir='ltr'><strong>damnatarum</strong></span> <span class='ocrx_word' id='word_1_285' title='bbox 477 3937 614 4010; x_wconf 79' lang='lat' dir='ltr'><strong>praemtion</strong></span> <span class='ocrx_word' id='word_1_286' title='bbox 622 3937 771 3989; x_wconf 81' lang='lat' dir='ltr'><strong>acassatori</strong></span> <span class='ocrx_word' id='word_1_287' title='bbox 782 3936 972 4002; x_wconf 74' lang='lat' dir='ltr'><strong>decerneretur,</strong></span> <span class='ocrx_word' id='word_1_288' title='bbox 990 3937 1090 3989; x_wconf 74' lang='lat' dir='ltr'><strong>Juntits</strong></span> <span class='ocrx_word' id='word_1_289' title='bbox 1102 3935 1181 3996; x_wconf 81' lang='lat' dir='ltr'><strong>Otlto,</strong></span> <span class='ocrx_word' id='word_1_290' title='bbox 1195 3933 1316 3988; x_wconf 80' lang='lat' dir='ltr'><strong>trsbuuus</strong></span> 
     </span>
     <span class='ocr_line' id='line_1_36' title="bbox 280 4016 1319 4095; baseline -0.006 -17"><span class='ocrx_word' id='word_1_291' title='bbox 280 4020 540 4095; x_wconf 70' lang='lat' dir='ltr'><strong>plebt&#39;551‘trtarcessr&#39;t,</strong></span> <span class='ocrx_word' id='word_1_292' title='bbox 553 4020 620 4072; x_wconf 78' lang='lat' dir='ltr'><strong>unda</strong></span> <span class='ocrx_word' id='word_1_293' title='bbox 632 4019 685 4072; x_wconf 75' lang='lat' dir='ltr'><strong>itta</strong></span> <span class='ocrx_word' id='word_1_294' title='bbox 694 4019 766 4079; x_wconf 78' lang='lat' dir='ltr'><strong>odra,</strong></span> <span class='ocrx_word' id='word_1_295' title='bbox 779 4037 837 4071; x_wconf 74' lang='lat' dir='ltr'><strong>moa</strong></span> <span class='ocrx_word' id='word_1_296' title='bbox 853 4016 1086 4074; x_wconf 73' lang='lat' dir='ltr'><strong>ouonr&#39;aasiteum.</strong></span> <span class='ocrx_word' id='word_1_297' title='bbox 1097 4019 1165 4072; x_wconf 82' lang='lat' dir='ltr'><strong>Dein</strong></span> <span class='ocrx_word' id='word_1_298' title='bbox 1178 4019 1319 4072; x_wconf 68' lang='lat' dir='ltr'><strong>multum</strong></span> 
     </span>
     <span class='ocr_line' id='line_1_37' title="bbox 286 4101 1320 4176; baseline -0.005 -13"><span class='ocrx_word' id='word_1_299' title='bbox 286 4110 411 4166; x_wconf 81' lang='lat' dir='ltr'><strong>amoribus</strong></span> <span class='ocrx_word' id='word_1_300' title='bbox 419 4114 524 4176; x_wconf 83' lang='lat' dir='ltr'><strong>famosa</strong></span> <span class='ocrx_word' id='word_1_301' title='bbox 540 4101 672 4157; x_wconf 75' lang='lat' dir='ltr'><strong>Albucilla</strong></span> <span class='ocrx_word' id='word_1_302' title='bbox 685 4101 803 4172; x_wconf 69' lang='lat' dir='ltr'><strong>desertio</strong></span> <span class='ocrx_word' id='word_1_303' title='bbox 819 4102 960 4175; x_wconf 80' lang='lat' dir='ltr'><strong>impietatis</strong></span> <span class='ocrx_word' id='word_1_304' title='bbox 975 4109 1000 4156; x_wconf 86' lang='lat' dir='ltr'><strong>ia</strong></span> <span class='ocrx_word' id='word_1_305' title='bbox 1013 4104 1168 4175; x_wconf 76' lang='lat' dir='ltr'><strong>prritclpem.</strong></span> <span class='ocrx_word' id='word_1_306' title='bbox 1184 4101 1320 4158; x_wconf 71' lang='lat' dir='ltr'><strong>Albucilla</strong></span> 
     </span>
     <span class='ocr_line' id='line_1_38' title="bbox 285 4190 1314 4266; baseline -0.006 -17"><span class='ocrx_word' id='word_1_307' title='bbox 285 4198 358 4252; x_wconf 79' lang='lat' dir='ltr'><strong>r&#39;rn&#39;to</strong></span> <span class='ocrx_word' id='word_1_308' title='bbox 367 4200 419 4250; x_wconf 66' lang='lat' dir='ltr'><strong>tcta</strong></span> <span class='ocrx_word' id='word_1_309' title='bbox 428 4215 446 4249; x_wconf 81' lang='lat' dir='ltr'><strong>a</strong></span> <span class='ocrx_word' id='word_1_310' title='bbox 454 4199 532 4246; x_wconf 81' lang='lat' dir='ltr'><strong>semet</strong></span> <span class='ocrx_word' id='word_1_311' title='bbox 548 4192 685 4246; x_wconf 83' lang='lat' dir='ltr'><strong>uulnerata</strong></span> <span class='ocrx_word' id='word_1_312' title='bbox 691 4192 772 4266; x_wconf 80' lang='lat' dir='ltr'><strong>jussu</strong></span> <span class='ocrx_word' id='word_1_313' title='bbox 785 4197 891 4245; x_wconf 80' lang='lat' dir='ltr'><strong>senatus</strong></span> <span class='ocrx_word' id='word_1_314' title='bbox 907 4190 934 4250; x_wconf 81' lang='lat' dir='ltr'><strong>r&#39;a</strong></span> <span class='ocrx_word' id='word_1_315' title='bbox 950 4209 1074 4249; x_wconf 76' lang='lat' dir='ltr'><strong>carcerem</strong></span> <span class='ocrx_word' id='word_1_316' title='bbox 1079 4192 1184 4259; x_wconf 70' lang='lat' dir='ltr'><strong>fictur.</strong></span> <span class='ocrx_word' id='word_1_317' title='bbox 1198 4190 1314 4263; x_wconf 82' lang='lat' dir='ltr'><strong>Stupro-</strong></span> 
     </span>
    </p>
   </div>
   <div class='ocr_carea' id='block_1_7' title="bbox 0 0 1482 4840">
    <p class='ocr_par' dir='ltr' id='par_1_11' title="bbox 0 0 1482 4840">
     <span class='ocr_line' id='line_1_39' title="bbox 0 0 1482 4840; baseline 0 5"><span class='ocrx_word' id='word_1_318' title='bbox 0 0 1482 4840; x_wconf 95' lang='lat' dir='ltr'><strong> </strong></span> 
     </span>
    </p>
   </div>
  </div>
 </body>
</html>
