2904 4838
744 329 812 401 190

269 467 395 545 Papus,
417 464 556 528 Wassius
573 476 605 528 et
622 465 701 528 Liou
727 461 780 551 [et
800 461 962 552 Bolhuis.]
985 462 1190 544 fragmentum
1210 460 1330 532 addunt

226 581 265 624 ox
277 561 418 625 oratioue
429 565 461 620 in
473 561 512 620 L.
525 561 690 626 Veturium
701 562 893 638 arcessitum,
905 577 1042 644 utsupra
1053 559 1157 623 monui
1167 557 1330 620 adoratio·

227 681 282 724 nes
300 663 470 740 censorias.

531 813 584 876 80.
609 833 718 878 ossrro
733 833 792 877 ruo
808 834 836 874 ι.
854 831 1018 877 turnonro.

252 1005 419 1078 Priscian.
437 1003 495 1079 tx,
509 1009 541 1080 9,
560 1026 593 1088 p.
607 1005 689 1069 ttt=
706 1005 915 1070 Vetustissimi
934 1008 1054 1069 etsist·
1071 1021 1129 1088 pro
1152 1021 1241 1065 amus
1260 1019 1330 1064 sum

224 1104 433 1188 protulerunt.
463 1104 542 1167 Cato
573 1105 735 1168 censorius
762 1104 796 1167 in
825 1105 965 1167 oratione
993 1123 1051 1187 pro
1077 1104 1114 1165 L.
1145 1097 1328 1164 Autronio:

225 1203 373 1286 Beneficii
392 1205 544 1282 postridie
559 1201 685 1288 jussisti
710 1205 836 1279 adesse,
863 1210 895 1262 in
919 1205 1006 1264 diem
1034 1223 1078 1262 ex
1102 1203 1153 1262 die
1177 1223 1236 1263 non
1259 1205 1331 1261 atesi

225 1321 380 1362 mmmm.

262 1439 293 1491 L.
304 1437 444 1504 Autronio]
454 1437 490 1489 ita
498 1435 576 1490 codd.
588 1435 654 1492 Edd.
666 1449 730 1492 vett.
741 1439 772 1490 l..
782 1435 904 1490 Antonio.

226 1619 278 1682 81.
302 1637 428 1694 onsrto,
455 1637 517 1693 Qus
543 1636 646 1680 sutsrr
675 1637 705 1679 ru
733 1637 859 1694 srusru,
883 1636 921 1681 ur
948 1637 1045 1680 ruunt
1072 1637 1137 1682 nat
1163 1636 1326 1692 sounsrart

704 1734 840 1780 suuntur.

266 1907 422 1973 Priscian.
433 1909 508 1982 vlt,
522 1907 554 1985 8,
570 1928 602 1994 p.
616 1906 696 1970 stt:
712 1899 795 1971 Cato
807 1907 842 1971 iu
860 1905 1016 1984 oratioue,
1032 1925 1093 1990 qua
1110 1905 1207 1969 suasit
1224 1903 1260 1970 in
1277 1925 1324 1968 se-

225 2015 312 2079 natu,
328 2017 363 2066 ut
376 2004 465 2086 plura
477 2024 540 2067 tera
554 2005 711 2087 equestria
725 2003 856 2072 fiarentt
869 2003 954 2066 Nunc
967 2024 1027 2085 ego
1039 2004 1175 2066 arbitror
1186 2019 1326 2084 oportere

226 2107 358 2174 institui,
379 2125 418 2164 tte
431 2125 490 2190 quo
505 2109 608 2164 miuus
621 2103 738 2165 duobus
752 2103 891 2164 millibus
904 2105 1038 2165 dumentis
1058 2109 1099 2165 stt
1120 2126 1220 2166 curum
1239 2123 1325 2189 eque·

164 2249 168 2266 .
225 2207 347 2264 utrium.
373 2207 411 2267 lu
431 2207 558 2268 eadem:
580 2207 630 2266 De
649 2204 760 2265 aeribus
777 2205 978 2290 equestribus,
993 2207 1033 2266 de
1051 2206 1165 2268 duobtu
1182 2204 1326 2265 millibus

224 2313 340 2361 “Cium-

261 2455 328 2492 nuuc
339 2442 397 2512 ego]
408 2439 540 2495 Gronovii
557 2437 699 2493 lectionem
716 2439 745 2494 in
764 2438 834 2494 libro
851 2442 890 2494 De
906 2441 1020 2514 pecunia
1035 2451 1089 2494 ret.
1098 2457 1127 2515 p.
1138 2437 1186 2492 125
1195 2407 1327 2510 potiorem

295 2543 354 2578 esse
367 2525 516 2580 existimavi
527 2542 638 2600 mque
650 2527 760 2580 retinui.
775 2527 806 2580 ln
817 2523 978 2582 Putsshisns
989 2527 1054 2582 edit.
1063 2525 1133 2580 enisu
1145 2536 1173 2578 et
1181 2523 1327 2577 Krehlians

296 2613 335 2665 siu
348 2611 464 2685 legitur:
480 2614 557 2666 Nunc
575 2633 637 2688 crgo
653 2615 716 2687 (ego
735 2613 795 2667 edd.
805 2613 927 2684 Veneti.)
942 2613 1052 2668 arbitror
1070 2618 1186 2685 oportere
1205 2608 1325 2672 residui,

294 2716 346 2771 quo
358 2699 442 2753 mrum
453 2700 551 2753 duobus
563 2699 675 2754 millibus
686 2701 805 2755 ducentis
817 2700 853 2754 sit
865 2719 945 2754 cerum
953 2698 1121 2773 equestrium.
1136 2699 1167 2752 ld
1174 2713 1263 2753 sutem
1272 2717 1325 2754 non

295 2785 324 2836 in
352 2783 382 2836 ll'
421 2825 428 2840 .

260 2889 292 2924 tte
303 2797 364 2941 quies]
374 2805 428 2926 igi.
438 2891 473 2926 ns
480 2891 535 2944 qua
543 2873 656 2939 ratione,
667 2891 702 2927 ne
711 2872 833 2938 onmium
844 2886 892 2926 aut
900 2871 1042 2945 legendum
1050 2891 1081 2926 ne
1090 2870 1159 2944 quoi.

164 3087 166 3092 Ι
260 3003 358 3058 duobus
367 3004 478 3060 mt'lb'bus
489 3006 617 3076 dueeuit's]
631 3006 717 3082 pediti
727 3009 890 3083 stipendium
901 3027 1021 3063 annuum
1033 3009 1106 3063 mille
1117 3008 1227 3075 ussiutu,
1242 3009 1326 3080 equiti

294 3089 421 3163 duplum,
428 3091 482 3146 duo
494 3092 588 3157 millia,
599 3093 720 3162 dabatur,
731 3096 829 3167 quibus
839 3094 954 3152 ducenta
966 3095 1028 3155 uddi
1035 3097 1101 3151 Cato
1113 3095 1217 3150 suadet.
1227 3097 1325 3150 Tamen

295 3176 347 3230 boe
358 3179 522 3251 stipendium
534 3198 589 3234 nou
603 3194 703 3236 statum
719 3194 790 3249 erut,
809 3181 855 3237 sed
874 3181 981 3254 quando
996 3183 1149 3256 respublica
1163 3183 1255 3236 serario
1270 3201 1325 3236 non

296 3262 442 3332 laborabat,
455 3265 553 3339 triplex
564 3267 700 3339 equitibus
712 3267 774 3322 dats
787 3267 919 3323 solebant.
929 3269 1009 3324 Coui.
1020 3268 1151 3324 Niebuhr.
1162 3269 1234 3323 llist.
1245 3269 1322 3322 Rom.

294 3347 349 3401 rol.
358 3349 395 3415 ll,
405 3369 433 3422 p.
446 3349 498 3404 496
513 3368 570 3424 sq.;
580 3352 699 3406 Gronov.
709 3354 748 3406 ue
755 3352 869 3427 pecunia
877 3365 931 3407 vet.
941 3372 970 3425 p.
981 3353 1041 3408 125.

93 3523 98 3536 .
186 3540 193 3553 ,
267 3474 392 3540 Charis.
408 3477 437 3552 1,
450 3497 484 3562 p.
498 3479 558 3544 tta
574 3478 662 3557 Cato,
679 3490 715 3542 ut
727 3478 818 3563 plura
830 3477 1172 3562 arasqusutsttasu
1189 3476 1322 3540 AEribus

225 3579 587 3662 equestribusdeduobus
598 3581 734 3682 sutilibus
744 3595 860 3646 aetum.
1155 3577 1156 3582 ’

262 3715 619 3788 arum11ttita110r,huns
633 3719 721 3774 losum
733 3721 762 3774 in
775 3735 865 3776 mente
876 3720 971 3775 habuit
982 3719 1088 3789 Festus,
1097 3738 1158 3775 eum
1171 3731 1320 3784 annotarat,

273 3799 275 3804 ’
297 3801 423 3859 Catonern
433 3803 531 3860 dixisse
538 3799 781 3876 oeriiruplutxliter
789 3804 822 3858 ab
830 3822 890 3858 are.
900 3825 914 3854 ι
924 3803 1034 3876 Papus.
1060 3827 1062 3834 ,

154 3909 200 3985 83
266 3925 421 3992 Priscian.
441 3928 516 4003 vll,
541 3926 591 4002 11,
615 3947 648 4011 p.
670 3925 752 3990 asts
766 3925 845 3993 Cato
862 3927 897 3992 iu
916 3931 1069 4007 oratione,
1090 3929 1268 4014 quasuasit
1290 3926 1325 3992 in

224 4041 344 4104 senatu,
354 4028 506 4108 Samnitis
518 4024 596 4089 dixit
608 4046 666 4110 pro
677 4027 818 4094 Sumnist
829 4030 971 4093 Accessit
983 4051 1070 4114 ager,
1079 4051 1172 4115 quem
1178 4033 1320 4110 privatim
1408 4093 1413 4106 ,

226 4121 346 4196 hubent,
356 4121 505 4199 Gallicus,
515 4121 677 4205 Samnitis,
689 4125 824 4205 Apulus,
835 4129 972 4190 Bruttus.
