2934 4846
250 467 383 542 tistium,
411 467 457 530 ita
479 470 517 530 P.
540 466 710 553 Sulpicium
737 466 1035 532 vehementissimum
1060 467 1189 544 habuit;
1215 486 1362 548 quom

250 568 411 632 discordie
426 570 559 635 Asconio
580 572 620 634 ad
632 569 822 634 Scauranarn
842 568 909 632 Cio.
933 567 985 651 (p.
1005 568 1045 630 24
1066 569 1115 630 ed.
1134 569 1249 654 06611.)
1276 568 1360 632 belli

251 668 351 732 civilis
364 690 462 734 causae
473 670 566 734 luisse
579 672 737 734 dicuntur.
752 667 880 752 Quippe,
892 671 973 750 quod
989 669 1102 732 furiosa
1113 671 1243 752 Sulpicii
1260 685 1362 732 meus

248 762 297 828 his
307 764 561 830 altercationibus
572 768 611 830 ad
622 779 717 830 totam
729 764 1137 830 nobilitatemevertendam
1146 785 1287 830 accensa
1294 778 1359 830 eet.

253 859 327 925 Mox
340 881 424 927 anno
435 866 495 928 666
511 863 661 926 seditione
678 862 824 927 Cinnana
841 863 970 926 reducto
984 860 1095 938 llario,
1111 863 1148 928 (l.
1162 864 1268 928 emar
1283 883 1364 926 caua

251 961 287 1022 L.
303 959 418 1034 fratre,
433 961 487 1043 qui
505 958 644 1025 triennio
664 973 738 1024 ante
757 960 865 1024 consul
885 959 1002 1032 luerat,
1028 960 1261 1042 innumerisque
1284 957 1362 1024 aliis

252 1062 433 1138 trucidatus,
451 1076 604 1148 caputque
617 1062 651 1126 iu
665 1062 776 1128 rostris
789 1063 923 1148 positam
936 1074 995 1126 est.
1020 1060 1110 1124 Multi
1131 1075 1163 1128 et
1176 1061 1250 1146 ,mai
1263 1059 1363 1142 hujus

251 1161 299 1224 rei
313 1177 467 1228 auctores.
1303 1219 1305 1222 .

293 1264 534 1338 Enumerantur,
551 1265 728 1347 quagessit
742 1283 873 1326 munera
886 1276 919 1326 et
930 1264 1075 1339 bonores,
1094 1277 1209 1346 preter
1222 1263 1362 1328 aedilita-

250 1374 325 1436 tem,
341 1362 566 1426 decemviratus
587 1359 670 1439 agris
692 1357 802 1422 dandis
822 1379 859 1422 ex
882 1360 950 1438 lege
971 1357 1078 1433 Drusi,
1101 1372 1134 1422 et
1153 1359 1363 1440 pontificatus

251 1463 458 1525 sacerdotium
471 1463 505 1524 in
519 1458 723 1542 inscriptione
736 1474 854 1535 vetere,
872 1479 963 1542 quam
977 1460 1093 1539 primus
1108 1459 1254 1541 protulit,
1272 1464 1362 1544 quod

251 1563 358 1636 sciam,
371 1562 495 1642 Pighius
505 1566 590 1624 Ann.
602 1583 636 1645 p.
656 1561 727 1624 199.
740 1563 878 1624 Laudum
897 1560 1107 1626 oratoriarum
1120 1560 1186 1642 ejus
1197 1561 1230 1622 in
1244 1562 1366 1642 primia

255 1658 434 1724 celebratur
455 1660 540 1744 lepos
561 1673 593 1722 et
615 1659 798 1728 facetiarum
819 1660 943 1741 plenum
963 1678 1060 1737 genus
1077 1657 1212 1720 dicandi
1227 1660 1268 1721 V.
1284 1659 1363 1722 Cic.

252 1757 340 1818 Brut.
355 1777 384 1818 c.
397 1757 450 1829 18,
465 1757 519 1833 60,
533 1777 623 1838 quem
634 1757 735 1820 locum
745 1756 860 1840 repetit
867 1755 1000 1840 Quintil.
1012 1756 1070 1829 Xl,
1083 1755 1115 1829 3,
1127 1755 1200 1828 1293
1211 1756 1260 1816 De
1270 1768 1361 1818 orat.

254 1851 297 1928 11,
317 1852 357 1914 23
375 1866 409 1914 et
420 1852 476 1926 543
502 1855 561 1928 lll,
577 1855 610 1927 8,
623 1873 712 1934 quem
724 1854 826 1916 locum
841 1850 980 1915 ridemus
994 1871 1043 1934 ap.
1057 1854 1140 1914 Non.
1150 1851 1365 1916 deadverbiis

253 1973 286 2015 v.
300 1953 408 2012 Hilure
417 1952 537 2033 ,otto
556 1955 583 2028 l,
599 1953 638 2017 30
653 1953 761 2028 ct.373
782 1956 873 2018 Tusa.
885 1956 924 2027 V,
941 1953 991 2017 19.
1007 1954 1113 2036 Quare
1132 1955 1170 2014 dc
1184 1951 1364 2016 facetiis=et

253 2049 317 2110 sale
338 2048 541 2113 disserentem
563 2049 645 2112 libro
660 2052 709 2112 De
723 2063 848 2115 oratore
863 2051 998 2113 secundo
1012 2046 1124 2112 Cicero
1136 2049 1268 2125 inducit,
1290 2051 1360 2112 lau·

253 2147 365 2226 datque
377 2146 429 2208 hic
444 2147 509 2208 illic
514 2149 656 2230 exempla
667 2168 704 2210 ex
713 2148 807 2230 ipsius
817 2147 1010 2212 orationibus
1017 2149 1188 2228 desumpta.
1198 2150 1359 2212 Praeterea

251 2247 285 2312 in
301 2266 354 2308 sex
367 2247 508 2327 patronis
520 2248 611 2312 luisse
622 2245 750 2323 dicitur,
762 2251 802 2312 ad
816 2265 903 2330 quoe,
915 2248 968 2329 qui
982 2267 1083 2328 neque
1094 2247 1240 2311 Crassum
1254 2269 1359 2331 neque

253 2345 425 2408 Antonium
442 2344 559 2408 habere
579 2358 720 2429 possent,
744 2345 963 2426 confugiebant
977 2343 1083 2428 (Brut.
1101 2365 1130 2408 c.
1151 2344 1221 2429 tt).
1247 2347 1286 2408 Et
1309 2358 1359 2408 est

252 2438 467 2524 perspicuum,
491 2463 559 2518 cur,
577 2444 716 2525 quamvis
730 2445 813 2508 culto
826 2443 954 2522 ingenio
977 2455 1009 2505 et
1030 2443 1196 2523 diligenter
1215 2444 1355 2518 locutus,

253 2555 359 2618 tamen
369 2543 403 2605 in
413 2543 592 2627 principum
605 2565 768 2608 numerum
783 2566 845 2608 non
860 2544 1052 2626 pervenerit.
1075 2546 1192 2610 Deerat
1205 2545 1359 2620 enimse·

253 2640 421 2702 bemcntia.
444 2640 495 2704 Sic
513 2654 545 2706 et
559 2643 727 2723 tragoediae,
743 2644 826 2706 haud
840 2639 934 2715 dubie
948 2642 986 2704 de
997 2643 1110 2708 Groeeo
1120 2660 1297 2717 conversat,
1322 2655 1358 2704 ut

253 2736 436 2800 eruditionis
450 2738 660 2802 testimouium
682 2739 834 2814 edebant,
857 2737 902 2800 ita
924 2737 1029 2802 nervis
1047 2737 1208 2802 carebant.
1235 2740 1357 2800 Harum

254 2848 368 2918 praeter
380 2837 403 2898 l.
421 2857 452 2898 o.
466 2838 500 2901 in
514 2841 621 2914 Bruto,
638 2842 718 2921 apud
734 2841 902 2902 Asconium
917 2840 957 2900 ad
970 2841 1081 2904 Scaur.
1094 2839 1116 2900 1.
1131 2858 1159 2900 6.
1176 2849 1279 2902 casm
1292 2860 1356 2904 me·

145 3002 151 3022 ι
257 2931 369 2994 moria.
384 2932 437 2995 sic
453 2934 574 2997 Victor.
589 2937 638 2996 De
655 2935 794 3013 orthogr.
807 2938 835 3008 l,
847 2927 879 3016 p.
901 2933 996 3009 2156,
1017 2935 1151 3017 primum
1160 2935 1243 3023 hunc
1252 2939 1358 3002 vocali

258 3028 380 3102 ombsa,
396 3045 485 3110 qnam
497 3043 586 3094 retus
600 3033 788 3094 consuetudo
801 3031 1033 3112 interponebat,
1049 3029 1233 3112 tragoediam
1254 3034 1296 3098 ab
1317 3055 1356 3098 eo

216 3172 218 3180 ,
252 3119 448 3188 ΙΤ6666666666
467 3125 650 3212 inscriptam
666 3127 812 3191 ostendit.
837 3127 943 3190 Festus
959 3147 991 3189 r.
1009 3126 1174 3206 Prophetae
1188 3131 1263 3192 duos
1280 3131 1357 3196 satis

257 3224 415 3304 elegantes
437 3245 475 3286 ex
494 3228 627 3288 Adrasto
645 3224 815 3292 versiculos
835 3227 969 3291 adducit.
995 3231 1033 3292 V.
1049 3241 1080 3291 et
1093 3229 1209 3292 Donat.
1232 3231 1356 3296 invita
1376 3281 1379 3286 -

255 3324 408 3387 Terentii.
424 3323 709 3406 (Conlweicbert.
721 3324 1355 3412 116116.6666666121.)Αωίρὶ66161666

256 3427 294 3487 de
307 3410 498 3512 boc'Caesare
512 3426 591 3506 quod
601 3428 710 3490 Valer.
726 3429 809 3490 Max.
823 3429 881 3506 111,
893 3430 923 3501 l,
937 3428 988 3500 11,
1005 3430 1041 3492 L.
1055 3427 1172 3490 Attium
1192 3430 1222 3494 ai
1235 3431 1274 3492 in
1289 3433 1354 3496 col·

256 3525 370 3601 legium
389 3535 550 3606 poetarum
564 3525 703 3588 venienti
719 3547 782 3590 non
796 3523 1077 3601 assurrexisseaitr
1102 3529 1183 3607 quod
1198 3527 1353 3593 Corradus

254 3623 292 3683 ad
306 3625 395 3684 Brut.
413 3641 442 3682 c.
455 3620 507 3696 28,
520 3624 559 3684 de
569 3623 640 3688 Sex.
653 3625 775 3688 Caesare
788 3626 895 3710 nescio
912 3645 971 3707 quo
985 3623 1112 3699 dictum,
1129 3627 1286 3708 Gyraldus
1300 3649 1353 3692 au·

253 3736 316 3784 tem
329 3733 497 3805 propterea
512 3725 588 3816 duos
603 3727 704 3790 Attios
717 3723 812 3790 fuisse
826 3726 959 3808 censuit,
969 3725 1050 3805 quod
1062 3723 1245 3796 dictatorem
1255 3727 1354 3794 Cusa-

252 3846 321 3920 rem
331 3825 565 3906 intelligebat...
582 3819 635 3916 [V.
646 3829 686 3891 lr.
697 3851 728 3912 p.
741 3829 799 3891 160
809 3822 872 3917 sq.]
891 3822 1055 3890 Orationes
1064 3826 1193 3894 fortasse
1205 3850 1268 3892 non
1278 3829 1355 3894 satis

256 3925 424 3986 elaboratae
439 3939 545 4002 erant3
562 3949 658 4010 quare
670 3950 689 3991 a
702 3927 905 4009 grammatico
923 3927 1071 3991 advocari
1088 3931 1122 3992 in
1142 3929 1352 3994 testimouium

255 4035 413 4104 poterant,
432 4027 486 4088 sed
499 4046 518 4088 a
529 4027 633 4090 Plinio
646 4026 736 4100 min„
752 4025 864 4098 Gellio,
886 4023 1053 4103 Frontone,
1074 4029 1141 4092 aliia
1159 4040 1271 4109 preter
1284 4030 1353 4093 Pri·

253 4120 403 4202 seianum,
415 4125 469 4206 qui
481 4144 560 4188 unus
571 4125 671 4186 locum
683 4122 830 4200 servavit,
844 4133 997 4186 tacentur.
