2904 4838
156 437 311 504 Mummius]
332 456 365 489 ex
377 451 453 508 poeta
470 437 519 490 hoe
533 457 566 489 an
585 458 617 490 ex
630 409 732 492 oratore
747 453 892 510 sumptum,
910 445 1011 511 ignoro.
1027 441 1057 490 L.
1078 443 1221 496 Mummius

192 520 276 585 15555,
291 520 338 590 qui
347 519 478 572 5151551555
487 521 586 574 dicitur
597 521 727 575 Corintho
743 521 840 586 delete,
853 522 948 576 consul
966 525 993 574 5.·
1008 524 1040 574 U.
1052 523 1115 575 661.

474 660 568 731 XX.
598 661 659 758 Sp.
689 660 853 734 Albinus

59 797 63 800 -
160 823 228 906 Cio.
247 825 335 885 Brut.
353 841 381 882 c.
399 777 451 894 25,
470 822 531 888 94:
547 797 649 889 Multae
665 838 736 890 sunt
748 825 800 915 Sp
821 760 929 889 11115151
948 829 1116 887 orationes.
1202 863 1203 868 1

87 949 94 966 ·
161 901 244 980 Plin.
268 921 308 982 H.
321 920 362 982 Ν
378 917 494 998 1111111,
518 919 563 983 65
580 923 706 1012 Nequeo
718 921 796 986 mihi
818 934 1005 1009 temperare,
1033 940 1093 1004 qno
1120 921 1222 985 miuus

113 1043 214 1086 unuin
238 1024 411 1106 exemplum
434 1021 631 1114 antiquitatis
654 1027 794 1102 55155555,
819 1047 857 1090 ex
877 1047 937 1110 quo
959 1024 1101 1116 intelligi
1110 1026 1219 1109 possit,

115 1105 196 1205 apud
204 1121 349 1202 populum
360 1122 454 1186 etiam
468 1121 508 1184 de
515 1122 645 1186 culturis
655 1123 769 1204 egendi
779 1143 899 1192 morem
912 1125 1016 1196 luisse,
1029 1123 1221 1214 qualiterque

1 1265 2 1268 ¹
115 1216 1218 1310 (15155515511515155111151516.6555655555555551555511155-
1294 1229 1297 1235 '

116 1330 223 1394 ratus,
240 1341 314 1400 oum
333 1317 366 1382 in
388 1339 514 1403 parvo
507 1321 670 1385 admodum
690 1322 791 1402 agello
815 1321 967 1406 largiores
986 1319 1083 1390 multo
1105 1318 1222 1407 fructus

117 1417 298 1502 perciperet
322 1441 413 1502 qoam
435 1441 474 1484 ex
498 1419 693 1503 amplissimis
712 1421 881 1496 vicinitas,
912 1419 945 1483 in
968 1421 1086 1484 invidia
1109 1439 1221 1500 magna

115 1534 196 1593 erat,
214 1542 272 1584 ceu
284 1523 390 1602 fruges
407 1521 526 1586 alienas
540 1524 702 1619 pellioeret
716 1523 889 1590 veneficiis
909 1521 1149 1634 Quamobpema
1163 1520 1218 1596 Sp

115 1617 234 1680 Albium
248 1621 346 1678 curuli
359 1621 411 1679 die
425 1618 520 1695 dicta,
537 1635 677 1685 metuens
696 1615 939 1726 damnationem!
963 1638 1033 1680 curn
1055 1619 1088 1680 in
1110 1615 1218 1678 551155-

114 1715 200 1796 gium
211 1715 312 1778 tribus
321 1727 481 1798 oporteret
490 1735 552 1794 rre,
563 1718 801 1784 instrumentum
813 1728 963 1781 rustroum
973 1734 1064 1777 omne
1075 1734 1110 1776 ιιι
1120 1715 1220 1778 lorum

1 1807 2 1860 1
114 1815 238 1886 5555115,
259 1827 291 1878 55
311 1815 437 1876 adduxit
457 1815 605 1878 familiam
626 1817 761 1880 validam
780 1828 883 1902 atque,
908 1827 943 1888 55
963 1812 1009 1878 515
1029 1811 1115 1890 Piso,
1136 1811 1218 1876 5555

116 1927 259 2004 curatam
273 1933 311 1978 55
324 1910 483 1998 vestitam,
499 1915 691 2004 ferramenta
705 1916 828 1998 egregie
842 1916 941 1988 15555,
957 1933 1069 2000 graves
1081 1910 1217 1995 ligones,

115 2033 256 2077 vomeres
263 2013 468 2096 ponderosos,
480 2000 577 2078 boves
589 2028 719 2081 saturos.
736 2015 846 2079 Postea
857 2011 951 2080 5115155
965 2011 1123 2095 Veneficio
1136 2031 1217 2084 mea,

119 2115 270 2204 Quirites,
287 2109 352 2172 bcec
367 2129 445 2190 suut,
462 2135 518 2190 nee
529 2135 655 2193 possum
671 2115 761 2175 vobis
774 2111 931 2196 ostendere
945 2128 994 2172 aru
1006 2112 1153 2192 inferum
1163 2109 1217 2168 ud·
1246 2182 1247 2186 ¹

114 2215 224 2274 ducere
239 2212 467 2275 lucubrationes
482 2234 568 2274 meus
582 2215 768 2300 vigiliasque
784 2230 814 2275 55
827 2213 962 2276 sudores.
976 2211 1133 2280 ,05551555
1149 2231 1218 2272 sen·

116 2306 223 2372 tentiis
237 2309 397 2372 absolutus
407 2309 512 2394 itaque
526 2323 585 2372 est.

150 2469 167 2501 u
183 2449 230 2522 Sp.
249 2449 350 2503 Albino
369 2449 468 2514 curuli]
488 2448 534 2520 Sp.
550 2437 703 2499 Postumius
716 2445 843 2511 Albinus
857 2445 942 2500 55511115
955 2445 1095 2500 55551155
1108 2447 1141 2496 U.
1155 2446 1220 2508 635,

184 2531 279 2584 consul
291 2551 316 2582 5.
326 2532 390 2584 613.
405 2530 543 2598 [Meminit
560 2527 653 2584 Albini
671 2528 793 2585 Lucilius
812 2528 1034 2600 setirographus'
1027 2547 1056 2579 ru
1073 2526 1218 2622 fragmento

184 2612 280 2677 celebri
294 2611 766 2686 555515555551555,1555155.11565
779 2611 850 2706 qupd
862 2607 1094 2680 Anthologiaesuae
1106 2607 1219 2661 inseruit

184 2667 352 2751 doctissimus
370 2696 466 2761 editor,
487 2709 561 2768 etp.
580 2696 611 2746 14
628 2691 684 2747 haeo
697 2689 874 2747 annotavitzo
886 2692 937 2746 llio
955 2689 1070 2745 Albinus
1088 2689 1158 2742 idem
1177 2705 1218 2746 est

185 2805 263 2855 quern
276 2786 347 2838 inter
355 2787 480 2838 Oratores
494 2795 566 2836 meos
578 2782 696 2854 retulip.
709 2781 767 2836 l08.
783 2779 854 2833 Sed
847 2800 876 2834 ιιι
889 2799 921 2834 oo
932 2779 972 2832 ibi
983 2775 1067 2832 555551
1071 2777 1166 2854 ,quod
1170 2777 1215 2850 Sp

184 2872 312 2926 Albinum
325 2869 925 2935 5111155555551555.665,55555515555.613
938 2885 996 2922 esse
1009 2867 1074 2920 (1151.
1095 2867 1122 2918 15
1135 2867 1215 2928 enirn,

185 2959 216 3011 ale
225 2975 280 3029 qno
290 2974 364 3020 nuno
376 2977 462 3012 sermo
470 2971 511 3025 est
515 2955 611 3030 ,longe
621 2954 705 3028 major
716 2967 782 3009 555555
794 2955 856 3021 tuit,
870 2955 908 3008 115
919 2967 950 3007 ut
961 2953 1145 3007 5511115555555.
1154 2955 1216 3018 566,

168 3040 354 3102 ,consulatuum
366 3041 583 3135 abobpaporet.
601 3043 712 3104 Ennoea
724 3057 766 3092 ne
777 3038 809 3106 iu
820 3035 1008 3106 constituendo
1018 3053 1152 3106 granorum
1165 3052 1216 3090 nn

183 3141 256 3181 mero
267 3141 330 3200 oum
342 3119 479 3197 5111555515
492 3123 578 3178 doctis
586 3123 644 3194 (et
637 3141 696 3202 ipso
705 3122 933 3202 Westermannp),
946 3139 978 3178 ex
991 3119 1124 3216 1555551555
1137 3120 1216 3177 Cice·

185 3211 257 3262 ronis
269 3208 316 3262 515.
320 3221 410 3304 patet,
423 3227 484 3260 cum
496 3209 577 3263 555551
589 3227 704 3283 quoque,
717 3207 764 3278 qui
777 3226 838 3273 oum
850 3207 898 3278 Sp.
911 3195 1028 3260 leino
1018 3199 1119 3280 puniti
1117 3222 1216 3257 memo·

185 3306 288 3358 rantur,
305 3283 375 3345 51555
392 3289 462 3350 illud
480 3309 565 3344 aevum
581 3291 719 3355 florerent,
739 3309 794 3353 uon
811 3309 854 3349 eo,
867 3307 921 3358 quo
939 3288 1013 3360 prius
1025 3295 1155 3359 putaram
1178 3287 1216 3339 lto

185 3395 248 3430 vero
263 3375 370 3430 facilius
386 3389 459 3428 error
477 3378 632 3428 commissus
648 3385 699 3438 ost,
714 3371 787 3444 quoti
803 3371 850 3445 Sp.
868 3369 994 3437 1111515555,
1010 3369 1058 3442 qui
1076 3368 1101 3421 1.
1114 3389 1138 3422 5.
1156 3367 1216 3422 lau

184 3457 272 3520 datur,
288 3459 357 3512 idem
372 3474 434 3512 esse
449 3474 511 3510 eum
528 3475 570 3522 55,
588 3456 634 3527 qui
651 3471 710 3527 rap.
721 3453 932 3519 3155515555,
950 3453 1103 3527 putubatur.
1122 3451 1216 3506 1155115

184 3542 791 3650 ρι15551ω555555515.665,.55555555511555
804 3538 943 3602 santulo·
958 3539 1009 3602 616
994 3537 1215 3654 11611111811111111

183 3639 260 3680 ost.»
247 3631 273 3694 5]

190 3780 193 3789 ’
272 3754 356 3824 XXI
374 3769 408 3824 et
426 3751 559 3824 XXII..
574 3751 888 3825 .et·C.·Anreln
906 3751 1058 3824 055555.
1116 3775 1118 3782 ¹

1250 1674 1313 1748 169
1401 1719 1407 1727 -

137 3878 140 3887 Ι
154 3915 222 3982 Cic.
232 3918 322 3991 Brut.
331 3938 361 3980 o.
373 3917 426 3994 25,
438 3875 495 3982 915
504 3917 687 3994 6555551555
695 3917 730 3982 L.
741 3915 815 3989 etC.
826 3915 1025 4000 Aureliorum
1031 3893 1214 3992 0555555555

115 4017 283 4092 orationes,
295 4034 370 4097 quos
382 4014 484 4096 aliquo
495 4017 585 4091 515155
595 4017 769 4098 innumero
781 4027 940 4090 oratorum
951 4014 1054 4084 luisse.

160 4117 196 4176 L.
211 4112 352 4188 Aurelius
363 4114 488 4180 Orestes
500 4115 605 4180 oonsnl
616 4113 673 4178 lrit
685 4137 713 4178 5.
727 4117 766 4184 U·
778 4115 853 4178 621.
