<?xml version="1.0" encoding="UTF-8"?>
<!DOCTYPE html PUBLIC "-//W3C//DTD XHTML 1.0 Transitional//EN"
    "http://www.w3.org/TR/xhtml1/DTD/xhtml1-transitional.dtd">
<html xmlns="http://www.w3.org/1999/xhtml" xml:lang="en" lang="en">
 <head>
  <title>
</title>
<meta http-equiv="Content-Type" content="text/html;charset=utf-8" />
  <meta name='ocr-system' content='tesseract 3.04.00' />
  <meta name='ocr-capabilities' content='ocr_page ocr_carea ocr_par ocr_line ocrx_word'/>
</head>
<body>
  <div class='ocr_page' id='page_1' title='image "./oratorumromanor00meyegoog_0018.png"; bbox 0 0 2934 4846; ppageno 0'>
   <div class='ocr_carea' id='block_1_1' title="bbox 739 373 801 419">
    <p class='ocr_par' dir='ltr' id='par_1_1' title="bbox 739 373 801 419">
     <span class='ocr_line' id='line_1_1' title="bbox 739 373 801 419; baseline -0.032 0"><span class='ocrx_word' id='word_1_1' title='bbox 739 373 801 419; x_wconf 82' lang='lat' dir='ltr'><strong>Vlii</strong></span> 
     </span>
    </p>
   </div>
   <div class='ocr_carea' id='block_1_2' title="bbox 216 485 1344 3586">
    <p class='ocr_par' dir='ltr' id='par_1_2' title="bbox 217 485 1318 1214">
     <span class='ocr_line' id='line_1_2' title="bbox 219 485 1317 585; baseline 0.002 -24"><span class='ocrx_word' id='word_1_2' title='bbox 219 485 438 573; x_wconf 83' lang='lat' dir='ltr'><strong>ctoritatem,</strong></span> <span class='ocrx_word' id='word_1_3' title='bbox 469 487 671 582; x_wconf 82' lang='lat' dir='ltr'><strong>dignitatern</strong></span> <span class='ocrx_word' id='word_1_4' title='bbox 697 505 928 585; x_wconf 84' lang='lat' dir='ltr'><strong>acceperunt.</strong></span> <span class='ocrx_word' id='word_1_5' title='bbox 958 491 1053 582; x_wconf 80' lang='lat' dir='ltr'><strong>Quid</strong></span> <span class='ocrx_word' id='word_1_6' title='bbox 1079 490 1211 563; x_wconf 80' lang='lat' dir='ltr'><strong>multat</strong></span> <span class='ocrx_word' id='word_1_7' title='bbox 1236 491 1317 564; x_wconf 81' lang='lat' dir='ltr'><strong>uto-</strong></span> 
     </span>
     <span class='ocr_line' id='line_1_3' title="bbox 220 596 1316 715; baseline 0.006 -32"><span class='ocrx_word' id='word_1_8' title='bbox 220 613 377 710; x_wconf 86' lang='lat' dir='ltr'><strong>quentiae</strong></span> <span class='ocrx_word' id='word_1_9' title='bbox 392 614 548 686; x_wconf 89' lang='lat' dir='ltr'><strong>studium</strong></span> <span class='ocrx_word' id='word_1_10' title='bbox 561 611 625 684; x_wconf 88' lang='lat' dir='ltr'><strong>init</strong></span> <span class='ocrx_word' id='word_1_11' title='bbox 637 612 742 685; x_wconf 90' lang='lat' dir='ltr'><strong>ludus</strong></span> <span class='ocrx_word' id='word_1_12' title='bbox 758 613 911 686; x_wconf 89' lang='lat' dir='ltr'><strong>consulis</strong></span> <span class='ocrx_word' id='word_1_13' title='bbox 922 615 1043 688; x_wconf 81' lang='lat' dir='ltr'><strong>futuri.</strong></span> <span class='ocrx_word' id='word_1_14' title='bbox 1061 619 1230 690; x_wconf 75' lang='lat' dir='ltr'><strong>Oratores</strong></span> <span class='ocrx_word' id='word_1_15' title='bbox 1245 596 1316 715; x_wconf 68' lang='lat' dir='ltr'><strong>pic·¹</strong></span> 
     </span>
     <span class='ocr_line' id='line_1_4' title="bbox 217 738 1316 837; baseline 0.005 -28"><span class='ocrx_word' id='word_1_16' title='bbox 217 741 331 837; x_wconf 85' lang='lat' dir='ltr'><strong>rique,</strong></span> <span class='ocrx_word' id='word_1_17' title='bbox 348 762 502 837; x_wconf 89' lang='lat' dir='ltr'><strong>quorum</strong></span> <span class='ocrx_word' id='word_1_18' title='bbox 519 739 682 810; x_wconf 86' lang='lat' dir='ltr'>notitiam</span> <span class='ocrx_word' id='word_1_19' title='bbox 699 738 885 828; x_wconf 86' lang='lat' dir='ltr'><strong>habemus,</strong></span> <span class='ocrx_word' id='word_1_20' title='bbox 903 765 1058 814; x_wconf 87' lang='lat' dir='ltr'><strong>summos</strong></span> <span class='ocrx_word' id='word_1_21' title='bbox 1076 741 1229 814; x_wconf 85' lang='lat' dir='ltr'><strong>honores</strong></span> <span class='ocrx_word' id='word_1_22' title='bbox 1245 746 1316 814; x_wconf 88' lang='lat' dir='ltr'><strong>rei-</strong></span> 
     </span>
     <span class='ocr_line' id='line_1_5' title="bbox 218 867 1318 964; baseline 0.001 -24"><span class='ocrx_word' id='word_1_23' title='bbox 218 867 370 964; x_wconf 78' lang='lat' dir='ltr'><strong>publicae</strong></span> <span class='ocrx_word' id='word_1_24' title='bbox 381 868 588 962; x_wconf 83' lang='lat' dir='ltr'><strong>attigerunt,</strong></span> <span class='ocrx_word' id='word_1_25' title='bbox 606 869 826 942; x_wconf 85' lang='lat' dir='ltr'><strong>etorationes</strong></span> <span class='ocrx_word' id='word_1_26' title='bbox 837 873 1318 943; x_wconf 86' lang='lat' dir='ltr'><strong>eorumversanturinmaxi·</strong></span> 
     </span>
     <span class='ocr_line' id='line_1_6' title="bbox 218 983 1317 1094; baseline 0.002 -28"><span class='ocrx_word' id='word_1_27' title='bbox 218 996 283 1066; x_wconf 85' lang='lat' dir='ltr'><strong>mis</strong></span> <span class='ocrx_word' id='word_1_28' title='bbox 302 993 423 1094; x_wconf 89' lang='lat' dir='ltr'><strong>rebus,</strong></span> <span class='ocrx_word' id='word_1_29' title='bbox 442 1017 523 1091; x_wconf 80' lang='lat' dir='ltr'><strong>quae</strong></span> <span class='ocrx_word' id='word_1_30' title='bbox 542 983 629 1066; x_wconf 86' lang='lat' dir='ltr'><strong>tuno</strong></span> <span class='ocrx_word' id='word_1_31' title='bbox 646 995 681 1065; x_wconf 95' lang='lat' dir='ltr'><strong>in</strong></span> <span class='ocrx_word' id='word_1_32' title='bbox 699 1011 826 1067; x_wconf 88' lang='lat' dir='ltr'><strong>senatu</strong></span> <span class='ocrx_word' id='word_1_33' title='bbox 846 1012 908 1068; x_wconf 90' lang='lat' dir='ltr'><strong>aut</strong></span> <span class='ocrx_word' id='word_1_34' title='bbox 926 997 960 1067; x_wconf 95' lang='lat' dir='ltr'><strong>in</strong></span> <span class='ocrx_word' id='word_1_35' title='bbox 978 998 1148 1068; x_wconf 82' lang='lat' dir='ltr'><strong>concione</strong></span> <span class='ocrx_word' id='word_1_36' title='bbox 1165 997 1220 1068; x_wconf 82' lang='lat' dir='ltr'><strong>vel</strong></span> <span class='ocrx_word' id='word_1_37' title='bbox 1241 997 1317 1069; x_wconf 81' lang='lat' dir='ltr'><strong>foro</strong></span> 
     </span>
     <span class='ocr_line' id='line_1_7' title="bbox 218 1117 519 1214; baseline -0.007 -24"><span class='ocrx_word' id='word_1_38' title='bbox 218 1117 519 1214; x_wconf 80' lang='lat' dir='ltr'><strong>disceptabantur.</strong></span> 
     </span>
    </p>

    <p class='ocr_par' dir='ltr' id='par_1_3' title="bbox 216 1242 1344 2966">
     <span class='ocr_line' id='line_1_8' title="bbox 265 1242 1316 1340; baseline 0.007 -28"><span class='ocrx_word' id='word_1_39' title='bbox 265 1244 490 1338; x_wconf 83' lang='lat' dir='ltr'><strong>Distinguere</strong></span> <span class='ocrx_word' id='word_1_40' title='bbox 507 1257 624 1313; x_wconf 88' lang='lat' dir='ltr'><strong>autem</strong></span> <span class='ocrx_word' id='word_1_41' title='bbox 642 1242 738 1314; x_wconf 86' lang='lat' dir='ltr'><strong>soleo</strong></span> <span class='ocrx_word' id='word_1_42' title='bbox 753 1245 789 1313; x_wconf 91' lang='lat' dir='ltr'><strong>in</strong></span> <span class='ocrx_word' id='word_1_43' title='bbox 807 1243 1011 1340; x_wconf 84' lang='lat' dir='ltr'><strong>eloquentia</strong></span> <span class='ocrx_word' id='word_1_44' title='bbox 1024 1247 1182 1319; x_wconf 87' lang='lat' dir='ltr'><strong>Romana</strong></span> <span class='ocrx_word' id='word_1_45' title='bbox 1197 1263 1316 1319; x_wconf 88' lang='lat' dir='ltr'><strong>orato·</strong></span> 
     </span>
     <span class='ocr_line' id='line_1_9' title="bbox 217 1370 1318 1468; baseline 0.004 -24"><span class='ocrx_word' id='word_1_46' title='bbox 217 1395 274 1444; x_wconf 71' lang='lat' dir='ltr'><strong>tes</strong></span> <span class='ocrx_word' id='word_1_47' title='bbox 300 1371 481 1466; x_wconf 86' lang='lat' dir='ltr'><strong>antiquos,</strong></span> <span class='ocrx_word' id='word_1_48' title='bbox 508 1370 659 1456; x_wconf 86' lang='lat' dir='ltr'><strong>medios,</strong></span> <span class='ocrx_word' id='word_1_49' title='bbox 687 1394 820 1458; x_wconf 83' lang='lat' dir='ltr'><strong>novos3</strong></span> <span class='ocrx_word' id='word_1_50' title='bbox 847 1395 1002 1468; x_wconf 92' lang='lat' dir='ltr'><strong>quorum</strong></span> <span class='ocrx_word' id='word_1_51' title='bbox 1022 1375 1156 1466; x_wconf 85' lang='lat' dir='ltr'>agmina</span> <span class='ocrx_word' id='word_1_52' title='bbox 1184 1376 1318 1448; x_wconf 90' lang='lat' dir='ltr'><strong>ducunt</strong></span> 
     </span>
     <span class='ocr_line' id='line_1_10' title="bbox 217 1489 1314 1577; baseline 0.001 -11"><span class='ocrx_word' id='word_1_53' title='bbox 217 1497 271 1566; x_wconf 80' lang='lat' dir='ltr'><strong>M.</strong></span> <span class='ocrx_word' id='word_1_54' title='bbox 287 1493 437 1564; x_wconf 79' lang='lat' dir='ltr'><strong>Porct&#39;ur</strong></span> <span class='ocrx_word' id='word_1_55' title='bbox 448 1493 544 1577; x_wconf 74' lang='lat' dir='ltr'><strong>Cato,</strong></span> <span class='ocrx_word' id='word_1_56' title='bbox 563 1494 616 1561; x_wconf 89' lang='lat' dir='ltr'><strong>M.</strong></span> <span class='ocrx_word' id='word_1_57' title='bbox 639 1489 766 1563; x_wconf 80' lang='lat' dir='ltr'><strong>Tullius</strong></span> <span class='ocrx_word' id='word_1_58' title='bbox 778 1491 916 1575; x_wconf 75' lang='lat' dir='ltr'><strong>Cicero,</strong></span> <span class='ocrx_word' id='word_1_59' title='bbox 931 1496 970 1562; x_wconf 82' lang='grc' dir='ltr'><strong>Τ.</strong></span> <span class='ocrx_word' id='word_1_60' title='bbox 987 1492 1131 1565; x_wconf 65' lang='lat' dir='ltr'><strong>Caeretes</strong></span> <span class='ocrx_word' id='word_1_61' title='bbox 1146 1496 1314 1568; x_wconf 79' lang='lat' dir='ltr'><strong>Severus.</strong></span> 
     </span>
     <span class='ocr_line' id='line_1_11' title="bbox 217 1615 1316 1715; baseline 0.002 -25"><span class='ocrx_word' id='word_1_62' title='bbox 217 1661 265 1676; x_wconf 91' lang='lat'><em>-</em></span> <span class='ocrx_word' id='word_1_63' title='bbox 277 1619 404 1691; x_wconf 85' lang='lat' dir='ltr'><strong>Catoni</strong></span> <span class='ocrx_word' id='word_1_64' title='bbox 415 1617 575 1715; x_wconf 81' lang='lat' dir='ltr'><strong>proxime</strong></span> <span class='ocrx_word' id='word_1_65' title='bbox 588 1617 835 1714; x_wconf 83' lang='lat' dir='ltr'><strong>adjunguntur</strong></span> <span class='ocrx_word' id='word_1_66' title='bbox 849 1615 1035 1690; x_wconf 77' lang='lat' dir='ltr'><strong>Africanus</strong></span> <span class='ocrx_word' id='word_1_67' title='bbox 1044 1620 1172 1707; x_wconf 89' lang='lat' dir='ltr'><strong>minor,</strong></span> <span class='ocrx_word' id='word_1_68' title='bbox 1187 1615 1316 1707; x_wconf 81' lang='lat' dir='ltr'>Galba,</span> 
     </span>
     <span class='ocr_line' id='line_1_12' title="bbox 217 1738 1316 1836; baseline 0.001 -23"><span class='ocrx_word' id='word_1_69' title='bbox 217 1738 358 1829; x_wconf 76' lang='lat' dir='ltr'><strong>Laelius,</strong></span> <span class='ocrx_word' id='word_1_70' title='bbox 376 1741 431 1812; x_wconf 86' lang='lat' dir='ltr'><strong>Ti.</strong></span> <span class='ocrx_word' id='word_1_71' title='bbox 450 1757 486 1814; x_wconf 88' lang='lat' dir='ltr'><strong>et</strong></span> <span class='ocrx_word' id='word_1_72' title='bbox 503 1741 546 1812; x_wconf 90' lang='lat' dir='ltr'><strong>C.</strong></span> <span class='ocrx_word' id='word_1_73' title='bbox 565 1739 734 1828; x_wconf 78' lang='lat' dir='ltr'>Gracchi,</span> <span class='ocrx_word' id='word_1_74' title='bbox 757 1764 908 1836; x_wconf 91' lang='lat' dir='ltr'><strong>quorum</strong></span> <span class='ocrx_word' id='word_1_75' title='bbox 930 1741 1044 1811; x_wconf 86' lang='lat' dir='ltr'><strong>minor</strong></span> <span class='ocrx_word' id='word_1_76' title='bbox 1063 1739 1174 1814; x_wconf 86' lang='lat' dir='ltr'><strong>multo</strong></span> <span class='ocrx_word' id='word_1_77' title='bbox 1192 1757 1316 1814; x_wconf 84' lang='lat' dir='ltr'><strong>tamen</strong></span> 
     </span>
     <span class='ocr_line' id='line_1_13' title="bbox 216 1865 1315 1966; baseline 0.002 -29"><span class='ocrx_word' id='word_1_78' title='bbox 216 1867 433 1962; x_wconf 68' lang='lat' dir='ltr'><strong>prestat„C.</strong></span> <span class='ocrx_word' id='word_1_79' title='bbox 447 1867 573 1936; x_wconf 88' lang='lat' dir='ltr'><strong>Titius.</strong></span> <span class='ocrx_word' id='word_1_80' title='bbox 594 1867 732 1937; x_wconf 87' lang='lat' dir='ltr'><strong>Horum</strong></span> <span class='ocrx_word' id='word_1_81' title='bbox 748 1866 925 1938; x_wconf 88' lang='lat' dir='ltr'><strong>orationes</strong></span> <span class='ocrx_word' id='word_1_82' title='bbox 938 1865 1073 1937; x_wconf 81' lang='lat' dir='ltr'><strong>semina</strong></span> <span class='ocrx_word' id='word_1_83' title='bbox 1086 1865 1224 1938; x_wconf 86' lang='lat' dir='ltr'><strong>habent</strong></span> <span class='ocrx_word' id='word_1_84' title='bbox 1235 1893 1315 1966; x_wconf 87' lang='lat' dir='ltr'><strong>per-</strong></span> 
     </span>
     <span class='ocr_line' id='line_1_14' title="bbox 217 1993 1316 2091; baseline 0.003 -25"><span class='ocrx_word' id='word_1_85' title='bbox 217 1993 321 2068; x_wconf 79' lang='lat' dir='ltr'><strong>fectae</strong></span> <span class='ocrx_word' id='word_1_86' title='bbox 344 1994 447 2084; x_wconf 80' lang='lat' dir='ltr'><strong>artis3</strong></span> <span class='ocrx_word' id='word_1_87' title='bbox 468 1995 672 2083; x_wconf 78' lang='lat' dir='ltr'><strong>sentcntiae,</strong></span> <span class='ocrx_word' id='word_1_88' title='bbox 702 1995 891 2090; x_wconf 82' lang='lat' dir='ltr'><strong>imagines,</strong></span> <span class='ocrx_word' id='word_1_89' title='bbox 919 1993 1041 2091; x_wconf 86' lang='lat' dir='ltr'><strong>figurae</strong></span> <span class='ocrx_word' id='word_1_90' title='bbox 1070 2013 1208 2084; x_wconf 85' lang='lat' dir='ltr'><strong>natura,</strong></span> <span class='ocrx_word' id='word_1_91' title='bbox 1237 2022 1316 2070; x_wconf 91' lang='lat' dir='ltr'><strong>non</strong></span> 
     </span>
     <span class='ocr_line' id='line_1_15' title="bbox 218 2116 1318 2218; baseline 0.003 -28"><span class='ocrx_word' id='word_1_92' title='bbox 218 2135 293 2191; x_wconf 88' lang='lat' dir='ltr'><strong>arte</strong></span> <span class='ocrx_word' id='word_1_93' title='bbox 318 2136 401 2190; x_wconf 92' lang='lat' dir='ltr'><strong>sunt</strong></span> <span class='ocrx_word' id='word_1_94' title='bbox 418 2121 582 2215; x_wconf 82' lang='lat' dir='ltr'><strong>egregiae,</strong></span> <span class='ocrx_word' id='word_1_95' title='bbox 601 2142 641 2189; x_wconf 85' lang='lat' dir='ltr'><strong>ac</strong></span> <span class='ocrx_word' id='word_1_96' title='bbox 663 2116 800 2190; x_wconf 79' lang='lat' dir='ltr'><strong>felicem</strong></span> <span class='ocrx_word' id='word_1_97' title='bbox 818 2116 974 2190; x_wconf 88' lang='lat' dir='ltr'><strong>indolem</strong></span> <span class='ocrx_word' id='word_1_98' title='bbox 990 2121 1229 2218; x_wconf 87' lang='lat' dir='ltr'><strong>impetumque</strong></span> <span class='ocrx_word' id='word_1_99' title='bbox 1244 2121 1318 2192; x_wconf 83' lang='lat' dir='ltr'><strong>eio-</strong></span> 
     </span>
     <span class='ocr_line' id='line_1_16' title="bbox 220 2240 1318 2344; baseline 0.003 -34"><span class='ocrx_word' id='word_1_100' title='bbox 220 2240 376 2336; x_wconf 84' lang='lat' dir='ltr'><strong>quentiae</strong></span> <span class='ocrx_word' id='word_1_101' title='bbox 397 2241 567 2328; x_wconf 83' lang='lat' dir='ltr'><strong>indicant,</strong></span> <span class='ocrx_word' id='word_1_102' title='bbox 587 2255 668 2312; x_wconf 89' lang='lat' dir='ltr'><strong>ante</strong></span> <span class='ocrx_word' id='word_1_103' title='bbox 690 2263 815 2313; x_wconf 89' lang='lat' dir='ltr'><strong>omnes</strong></span> <span class='ocrx_word' id='word_1_104' title='bbox 833 2241 972 2312; x_wconf 80' lang='lat' dir='ltr'><strong>Catonis</strong></span> <span class='ocrx_word' id='word_1_105' title='bbox 988 2243 1101 2313; x_wconf 70' lang='lat' dir='ltr'><strong>oratii)</strong></span> <span class='ocrx_word' id='word_1_106' title='bbox 1118 2243 1162 2313; x_wconf 79' lang='lat' dir='ltr'><strong>de</strong></span> <span class='ocrx_word' id='word_1_107' title='bbox 1177 2255 1318 2344; x_wconf 80' lang='lat' dir='ltr'><strong>sumpta</strong></span> 
     </span>
     <span class='ocr_line' id='line_1_17' title="bbox 218 2365 1319 2467; baseline 0.005 -30"><span class='ocrx_word' id='word_1_108' title='bbox 218 2391 292 2456; x_wconf 78' lang='lat' dir='ltr'><strong>auo,</strong></span> <span class='ocrx_word' id='word_1_109' title='bbox 303 2390 373 2467; x_wconf 87' lang='lat' dir='ltr'><strong>pro</strong></span> <span class='ocrx_word' id='word_1_110' title='bbox 388 2365 653 2458; x_wconf 69' lang='lat' dir='ltr'><strong>Rhodamtbas,</strong></span> <span class='ocrx_word' id='word_1_111' title='bbox 673 2370 846 2441; x_wconf 69' lang='lat' dir='ltr'><strong>archanas</strong></span> <span class='ocrx_word' id='word_1_112' title='bbox 867 2369 903 2440; x_wconf 83' lang='lat' dir='ltr'><strong>in</strong></span> <span class='ocrx_word' id='word_1_113' title='bbox 925 2367 1122 2460; x_wconf 77' lang='lat' dir='ltr'><strong>Thermum,</strong></span> <span class='ocrx_word' id='word_1_114' title='bbox 1140 2371 1172 2441; x_wconf 82' lang='lat' dir='ltr'><strong>si</strong></span> <span class='ocrx_word' id='word_1_115' title='bbox 1190 2395 1227 2440; x_wconf 82' lang='lat' dir='ltr'><strong>se</strong></span> <span class='ocrx_word' id='word_1_116' title='bbox 1245 2373 1319 2442; x_wconf 80' lang='lat' dir='ltr'><strong>Car·</strong></span> 
     </span>
     <span class='ocr_line' id='line_1_18' title="bbox 221 2491 1320 2595; baseline 0 -31"><span class='ocrx_word' id='word_1_117' title='bbox 221 2491 289 2564; x_wconf 78' lang='lat' dir='ltr'><strong>lius</strong></span> <span class='ocrx_word' id='word_1_118' title='bbox 314 2493 470 2573; x_wconf 73' lang='lat' dir='ltr'><strong>trahunua</strong></span> <span class='ocrx_word' id='word_1_119' title='bbox 488 2491 603 2594; x_wconf 75' lang='lat' dir='ltr'><strong>plebis</strong></span> <span class='ocrx_word' id='word_1_120' title='bbox 616 2493 843 2595; x_wconf 76' lang='lat' dir='ltr'><strong>appellasset,</strong></span> <span class='ocrx_word' id='word_1_121' title='bbox 860 2492 971 2566; x_wconf 80' lang='lat' dir='ltr'><strong>Loelri&#39;</strong></span> <span class='ocrx_word' id='word_1_122' title='bbox 985 2494 1150 2568; x_wconf 78' lang='lat' dir='ltr'><strong>laudatio</strong></span> <span class='ocrx_word' id='word_1_123' title='bbox 1152 2496 1320 2588; x_wconf 77' lang='lat' dir='ltr'><strong>funebris</strong></span> 
     </span>
     <span class='ocr_line' id='line_1_19' title="bbox 220 2612 1319 2718; baseline 0 -28"><span class='ocrx_word' id='word_1_124' title='bbox 220 2612 384 2712; x_wconf 68' lang='lat' dir='ltr'><strong>Africani</strong></span> <span class='ocrx_word' id='word_1_125' title='bbox 389 2617 549 2707; x_wconf 65' lang='lat' dir='ltr'><strong>marona,</strong></span> <span class='ocrx_word' id='word_1_126' title='bbox 560 2619 736 2716; x_wconf 83' lang='lat' dir='ltr'><strong>Asrt&#39;cam&#39;</strong></span> <span class='ocrx_word' id='word_1_127' title='bbox 743 2620 857 2692; x_wconf 69' lang='lat' dir='ltr'><strong>oraha</strong></span> <span class='ocrx_word' id='word_1_128' title='bbox 867 2631 992 2690; x_wconf 81' lang='lat' dir='ltr'><strong>contra</strong></span> <span class='ocrx_word' id='word_1_129' title='bbox 1006 2620 1120 2717; x_wconf 81' lang='lat' dir='ltr'><strong>legem</strong></span> <span class='ocrx_word' id='word_1_130' title='bbox 1131 2624 1319 2718; x_wconf 59' lang='lat' dir='ltr'><strong>agrariam</strong></span> 
     </span>
     <span class='ocr_line' id='line_1_20' title="bbox 224 2742 1318 2846; baseline 0.001 -31"><span class='ocrx_word' id='word_1_131' title='bbox 224 2746 267 2815; x_wconf 88' lang='lat' dir='ltr'><strong>C.</strong></span> <span class='ocrx_word' id='word_1_132' title='bbox 291 2744 461 2831; x_wconf 79' lang='lat' dir='ltr'><strong>Gracchi,</strong></span> <span class='ocrx_word' id='word_1_133' title='bbox 482 2747 514 2818; x_wconf 91' lang='lat' dir='ltr'><em>C</em></span> <span class='ocrx_word' id='word_1_134' title='bbox 515 2798 524 2815; x_wconf 90' lang='lat'><strong>.</strong></span> <span class='ocrx_word' id='word_1_135' title='bbox 542 2745 699 2817; x_wconf 80' lang='lat' dir='ltr'><strong>Gracchi</strong></span> <span class='ocrx_word' id='word_1_136' title='bbox 708 2747 828 2816; x_wconf 78' lang='lat' dir='ltr'><strong>concio</strong></span> <span class='ocrx_word' id='word_1_137' title='bbox 839 2742 893 2816; x_wconf 82' lang='lat' dir='ltr'><strong>ad</strong></span> <span class='ocrx_word' id='word_1_138' title='bbox 891 2744 1069 2846; x_wconf 79' lang='lat' dir='ltr'><strong>populum</strong></span> <span class='ocrx_word' id='word_1_139' title='bbox 1078 2777 1094 2830; x_wconf 88' lang='lat'><strong>,·</strong></span> <span class='ocrx_word' id='word_1_140' title='bbox 1110 2747 1220 2818; x_wconf 79' lang='lat' dir='ltr'><strong>orah&#39;o</strong></span> <span class='ocrx_word' id='word_1_141' title='bbox 1243 2771 1318 2842; x_wconf 81' lang='lat' dir='ltr'><strong>qua</strong></span> 
     </span>
     <span class='ocr_line' id='line_1_21' title="bbox 222 2864 1344 2966; baseline 0.001 -30"><span class='ocrx_word' id='word_1_142' title='bbox 222 2864 332 2963; x_wconf 73' lang='lat' dir='ltr'><strong>legem</strong></span> <span class='ocrx_word' id='word_1_143' title='bbox 346 2866 516 2955; x_wconf 71' lang='lat' dir='ltr'><strong>Atffetam</strong></span> <span class='ocrx_word' id='word_1_144' title='bbox 539 2865 714 2952; x_wconf 63' lang='lat' dir='ltr'><strong>drosamt&#39;t,</strong></span> <span class='ocrx_word' id='word_1_145' title='bbox 730 2868 843 2938; x_wconf 79' lang='lat' dir='ltr'><strong>oratio</strong></span> <span class='ocrx_word' id='word_1_146' title='bbox 857 2867 901 2937; x_wconf 74' lang='lat' dir='ltr'><strong>do</strong></span> <span class='ocrx_word' id='word_1_147' title='bbox 923 2867 1062 2962; x_wconf 76' lang='lat' dir='ltr'><strong>legibus</strong></span> <span class='ocrx_word' id='word_1_148' title='bbox 1077 2892 1101 2936; x_wconf 85' lang='lat' dir='ltr'>a</span> <span class='ocrx_word' id='word_1_149' title='bbox 1115 2892 1152 2936; x_wconf 82' lang='lat' dir='ltr'><strong>se</strong></span> <span class='ocrx_word' id='word_1_150' title='bbox 1158 2868 1319 2966; x_wconf 82' lang='lat' dir='ltr'><strong>promul·</strong></span> <span class='ocrx_word' id='word_1_151' title='bbox 1342 2885 1344 2890; x_wconf 83' lang='lat'>&#39;</span> 
     </span>
    </p>

    <p class='ocr_par' dir='ltr' id='par_1_4' title="bbox 217 2987 1320 3586">
     <span class='ocr_line' id='line_1_22' title="bbox 217 2987 1320 3085; baseline 0 -24"><span class='ocrx_word' id='word_1_152' title='bbox 217 2987 331 3085; x_wconf 65' lang='lat' dir='ltr'><strong>gatti.</strong></span> <span class='ocrx_word' id='word_1_153' title='bbox 348 2988 472 3060; x_wconf 83' lang='lat' dir='ltr'><strong>Sermo</strong></span> <span class='ocrx_word' id='word_1_154' title='bbox 489 2989 635 3061; x_wconf 85' lang='lat' dir='ltr'><strong>Latinus</strong></span> <span class='ocrx_word' id='word_1_155' title='bbox 653 2988 815 3060; x_wconf 91' lang='lat' dir='ltr'><strong>nondum</strong></span> <span class='ocrx_word' id='word_1_156' title='bbox 830 2987 958 3075; x_wconf 90' lang='lat' dir='ltr'><strong>cultus,</strong></span> <span class='ocrx_word' id='word_1_157' title='bbox 977 3011 1044 3060; x_wconf 90' lang='lat' dir='ltr'><strong>nec</strong></span> <span class='ocrx_word' id='word_1_158' title='bbox 1057 2988 1194 3061; x_wconf 86' lang='lat' dir='ltr'><strong>Graecis</strong></span> <span class='ocrx_word' id='word_1_159' title='bbox 1209 2989 1320 3073; x_wconf 88' lang='lat' dir='ltr'><strong>literis</strong></span> 
     </span>
     <span class='ocr_line' id='line_1_23' title="bbox 221 3117 1317 3219; baseline -0.001 -28"><span class='ocrx_word' id='word_1_160' title='bbox 221 3119 393 3206; x_wconf 81' lang='lat' dir='ltr'><strong>eruditus,</strong></span> <span class='ocrx_word' id='word_1_161' title='bbox 422 3120 627 3216; x_wconf 87' lang='lat' dir='ltr'><strong>compositio</strong></span> <span class='ocrx_word' id='word_1_162' title='bbox 647 3118 751 3212; x_wconf 83' lang='lat' dir='ltr'><strong>longe</strong></span> <span class='ocrx_word' id='word_1_163' title='bbox 772 3117 873 3191; x_wconf 79' lang='lat' dir='ltr'><strong>abeat</strong></span> <span class='ocrx_word' id='word_1_164' title='bbox 894 3117 937 3189; x_wconf 87' lang='lat' dir='ltr'><strong>ab</strong></span> <span class='ocrx_word' id='word_1_165' title='bbox 960 3144 1003 3192; x_wconf 90' lang='lat' dir='ltr'><strong>eo</strong></span> <span class='ocrx_word' id='word_1_166' title='bbox 1026 3119 1178 3216; x_wconf 81' lang='lat' dir='ltr'><strong>fastigio,</strong></span> <span class='ocrx_word' id='word_1_167' title='bbox 1201 3120 1317 3219; x_wconf 89' lang='lat' dir='ltr'><strong>quod,</strong></span> 
     </span>
     <span class='ocr_line' id='line_1_24' title="bbox 223 3239 1320 3341; baseline 0.001 -27"><span class='ocrx_word' id='word_1_168' title='bbox 223 3241 400 3340; x_wconf 84' lang='lat' dir='ltr'><strong>perfectus</strong></span> <span class='ocrx_word' id='word_1_169' title='bbox 415 3244 600 3340; x_wconf 85' lang='lat' dir='ltr'><strong>praeceptis</strong></span> <span class='ocrx_word' id='word_1_170' title='bbox 617 3242 820 3330; x_wconf 85' lang='lat' dir='ltr'><strong>rhetorum,</strong></span> <span class='ocrx_word' id='word_1_171' title='bbox 843 3243 970 3315; x_wconf 84' lang='lat' dir='ltr'><strong>Cicero</strong></span> <span class='ocrx_word' id='word_1_172' title='bbox 987 3243 1113 3341; x_wconf 80' lang='lat' dir='ltr'><strong>attigit.</strong></span> <span class='ocrx_word' id='word_1_173' title='bbox 1146 3239 1320 3315; x_wconf 87' lang='lat' dir='ltr'><strong>Praeclare</strong></span> 
     </span>
     <span class='ocr_line' id='line_1_25' title="bbox 223 3365 1320 3466; baseline 0.001 -28"><span class='ocrx_word' id='word_1_174' title='bbox 223 3366 267 3438; x_wconf 90' lang='lat' dir='ltr'><strong>de</strong></span> <span class='ocrx_word' id='word_1_175' title='bbox 284 3365 419 3440; x_wconf 87' lang='lat' dir='ltr'><strong>Catone</strong></span> <span class='ocrx_word' id='word_1_176' title='bbox 433 3366 561 3439; x_wconf 87' lang='lat' dir='ltr'><strong>Cicero</strong></span> <span class='ocrx_word' id='word_1_177' title='bbox 573 3365 662 3438; x_wconf 83' lang='lat' dir='ltr'><strong>dixit</strong></span> <span class='ocrx_word' id='word_1_178' title='bbox 673 3369 792 3463; x_wconf 69' lang='lat' dir='ltr'><strong>tBrut.</strong></span> <span class='ocrx_word' id='word_1_179' title='bbox 807 3391 840 3438; x_wconf 90' lang='lat' dir='ltr'><strong>c.</strong></span> <span class='ocrx_word' id='word_1_180' title='bbox 858 3365 928 3464; x_wconf 67' lang='lat' dir='ltr'><strong>m:</strong></span> <span class='ocrx_word' id='word_1_181' title='bbox 944 3369 1140 3466; x_wconf 77' lang='lat' dir='ltr'><strong>Antiquior</strong></span> <span class='ocrx_word' id='word_1_182' title='bbox 1150 3379 1205 3438; x_wconf 80' lang='lat' dir='ltr'><strong>est</strong></span> <span class='ocrx_word' id='word_1_183' title='bbox 1215 3365 1320 3465; x_wconf 74' lang='lat' dir='ltr'><strong>hujus</strong></span> 
     </span>
     <span class='ocr_line' id='line_1_26' title="bbox 222 3485 1320 3586; baseline 0 -28"><span class='ocrx_word' id='word_1_184' title='bbox 222 3513 343 3580; x_wconf 70' lang='lat' dir='ltr'><strong>sermo¹</strong></span> <span class='ocrx_word' id='word_1_185' title='bbox 353 3499 390 3560; x_wconf 78' lang='lat' dir='ltr'><strong>et</strong></span> <span class='ocrx_word' id='word_1_186' title='bbox 402 3486 568 3586; x_wconf 81' lang='lat' dir='ltr'><strong>qaoedom</strong></span> <span class='ocrx_word' id='word_1_187' title='bbox 586 3485 785 3560; x_wconf 70' lang='lat' dir='ltr'><strong>horridiora</strong></span> <span class='ocrx_word' id='word_1_188' title='bbox 799 3490 920 3561; x_wconf 76' lang='lat' dir='ltr'><strong>verba.</strong></span> <span class='ocrx_word' id='word_1_189' title='bbox 941 3492 1002 3561; x_wconf 81' lang='lat' dir='ltr'><strong>Ita</strong></span> <span class='ocrx_word' id='word_1_190' title='bbox 1013 3489 1106 3561; x_wconf 78' lang='lat' dir='ltr'><strong>enim</strong></span> <span class='ocrx_word' id='word_1_191' title='bbox 1117 3502 1188 3562; x_wconf 82' lang='lat' dir='ltr'><strong>tum</strong></span> <span class='ocrx_word' id='word_1_192' title='bbox 1203 3489 1320 3586; x_wconf 79' lang='lat' dir='ltr'><strong>loque-</strong></span> 
     </span>
    </p>
   </div>
   <div class='ocr_carea' id='block_1_3' title="bbox 224 3619 1322 3971">
    <p class='ocr_par' dir='ltr' id='par_1_5' title="bbox 224 3619 1322 3971">
     <span class='ocr_line' id='line_1_27' title="bbox 225 3619 1322 3724; baseline -0.002 -28"><span class='ocrx_word' id='word_1_193' title='bbox 225 3623 367 3698; x_wconf 72' lang='lat' dir='ltr'><strong>bantur.</strong></span> <span class='ocrx_word' id='word_1_194' title='bbox 380 3623 433 3696; x_wconf 84' lang='lat' dir='ltr'><strong>Id</strong></span> <span class='ocrx_word' id='word_1_195' title='bbox 440 3635 555 3715; x_wconf 83' lang='lat' dir='ltr'><strong>mota,</strong></span> <span class='ocrx_word' id='word_1_196' title='bbox 575 3619 749 3722; x_wconf 69' lang='lat' dir='ltr'><strong>quadrum</strong></span> <span class='ocrx_word' id='word_1_197' title='bbox 763 3623 823 3696; x_wconf 73' lang='lat' dir='ltr'><strong>itte</strong></span> <span class='ocrx_word' id='word_1_198' title='bbox 834 3647 904 3695; x_wconf 83' lang='lat' dir='ltr'><strong>non</strong></span> <span class='ocrx_word' id='word_1_199' title='bbox 910 3629 1043 3724; x_wconf 72' lang='lat' dir='ltr'><strong>politti,</strong></span> <span class='ocrx_word' id='word_1_200' title='bbox 1060 3635 1094 3694; x_wconf 81' lang='lat' dir='ltr'><strong>et</strong></span> <span class='ocrx_word' id='word_1_201' title='bbox 1103 3620 1192 3694; x_wconf 84' lang='lat' dir='ltr'><strong>adde</strong></span> <span class='ocrx_word' id='word_1_202' title='bbox 1207 3647 1322 3694; x_wconf 80' lang='lat' dir='ltr'><strong>name·</strong></span> 
     </span>
     <span class='ocr_line' id='line_1_28' title="bbox 224 3745 1321 3848; baseline -0.004 -30"><span class='ocrx_word' id='word_1_203' title='bbox 224 3772 298 3831; x_wconf 78' lang='lat' dir='ltr'><strong>ros,</strong></span> <span class='ocrx_word' id='word_1_204' title='bbox 313 3759 354 3820; x_wconf 81' lang='lat' dir='ltr'><strong>ut</strong></span> <span class='ocrx_word' id='word_1_205' title='bbox 365 3749 484 3848; x_wconf 70' lang='lat' dir='ltr'><strong>aptior</strong></span> <span class='ocrx_word' id='word_1_206' title='bbox 494 3753 541 3820; x_wconf 83' lang='lat' dir='ltr'><strong>rit</strong></span> <span class='ocrx_word' id='word_1_207' title='bbox 552 3745 667 3820; x_wconf 80' lang='lat' dir='ltr'><strong>oratio</strong></span> <span class='ocrx_word' id='word_1_208' title='bbox 678 3773 696 3833; x_wconf 89' lang='lat'><strong>,·</strong></span> <span class='ocrx_word' id='word_1_209' title='bbox 712 3748 789 3847; x_wconf 71' lang='lat' dir='ltr'><strong>ipra</strong></span> <span class='ocrx_word' id='word_1_210' title='bbox 803 3747 912 3818; x_wconf 75' lang='lat' dir='ltr'><strong>verba</strong></span> <span class='ocrx_word' id='word_1_211' title='bbox 926 3771 1092 3848; x_wconf 83' lang='lat' dir='ltr'><strong>compone</strong></span> <span class='ocrx_word' id='word_1_212' title='bbox 1104 3760 1141 3818; x_wconf 83' lang='lat' dir='ltr'><strong>ec</strong></span> <span class='ocrx_word' id='word_1_213' title='bbox 1152 3745 1253 3844; x_wconf 81' lang='lat' dir='ltr'><strong>quasi</strong></span> <span class='ocrx_word' id='word_1_214' title='bbox 1267 3771 1321 3815; x_wconf 87' lang='lat' dir='ltr'><strong>co-</strong></span> 
     </span>
     <span class='ocr_line' id='line_1_29' title="bbox 224 3869 1319 3971; baseline -0.009 -26"><span class='ocrx_word' id='word_1_215' title='bbox 224 3883 408 3970; x_wconf 71' lang='lat' dir='ltr'><strong>agmenta,</strong></span> <span class='ocrx_word' id='word_1_216' title='bbox 425 3869 523 3971; x_wconf 82' lang='lat' dir='ltr'><strong>quod</strong></span> <span class='ocrx_word' id='word_1_217' title='bbox 535 3895 580 3943; x_wconf 73' lang='lat' dir='ltr'><strong>nc</strong></span> <span class='ocrx_word' id='word_1_218' title='bbox 599 3871 726 3943; x_wconf 81' lang='lat' dir='ltr'><strong>Groect&#39;</strong></span> <span class='ocrx_word' id='word_1_219' title='bbox 744 3869 885 3968; x_wconf 76' lang='lat' dir='ltr'><strong>quidem</strong></span> <span class='ocrx_word' id='word_1_220' title='bbox 901 3881 1035 3940; x_wconf 71' lang='lat' dir='ltr'><strong>vererer</strong></span> <span class='ocrx_word' id='word_1_221' title='bbox 1044 3869 1319 3956; x_wconf 63' lang='lat' dir='ltr'><strong>formaverunt:</strong></span> 
     </span>
    </p>
   </div>
   <div class='ocr_carea' id='block_1_4' title="bbox 212 3995 1321 4100">
    <p class='ocr_par' dir='ltr' id='par_1_6' title="bbox 212 3995 1321 4100">
     <span class='ocr_line' id='line_1_30' title="bbox 212 3995 1321 4100; baseline -0.01 -21"><span class='ocrx_word' id='word_1_222' title='bbox 212 4005 296 4100; x_wconf 82' lang='lat' dir='ltr'><strong>jam</strong></span> <span class='ocrx_word' id='word_1_223' title='bbox 325 4003 494 4075; x_wconf 69' lang='lat' dir='ltr'><strong>nemmem</strong></span> <span class='ocrx_word' id='word_1_224' title='bbox 514 4011 700 4099; x_wconf 73' lang='lat' dir='ltr'><strong>aretepoms</strong></span> <span class='ocrx_word' id='word_1_225' title='bbox 722 4001 869 4090; x_wconf 20' lang='lat' dir='ltr'><strong>,Catont</strong></span> <span class='ocrx_word' id='word_1_226' title='bbox 896 3997 1073 4071; x_wconf 87' lang='lat' dir='ltr'><strong>Illustrcm</strong></span> <span class='ocrx_word' id='word_1_227' title='bbox 1099 3995 1321 4070; x_wconf 85' lang='lat' dir='ltr'><strong>collationem</strong></span> 
     </span>
    </p>
   </div>
   <div class='ocr_carea' id='block_1_5' title="bbox 0 0 1476 4846">
    <p class='ocr_par' dir='ltr' id='par_1_7' title="bbox 0 0 1476 4846">
     <span class='ocr_line' id='line_1_31' title="bbox 0 0 1476 4846; baseline 0 0"><span class='ocrx_word' id='word_1_228' title='bbox 0 0 1476 4846; x_wconf 95' lang='lat' dir='ltr'><strong> </strong></span> 
     </span>
    </p>
   </div>
  </div>
 </body>
</html>
