2954 4840
641 347 706 417 331

129 486 206 550 Julii
223 487 354 550 cesaris
367 483 561 568 expeditione
585 486 733 551 Africana
747 487 898 550 exercitui
911 501 1046 568 prosecat
1058 489 1223 568 prooonsul

129 588 177 668 (V.
196 584 315 649 Hirtius
324 587 454 649 Debell.
469 587 536 649 Alr.
551 608 578 649 e.
597 585 660 669 80),
674 589 789 650 arctius
800 587 872 650 dein
885 589 1011 670 junctus
1024 591 1158 667 Augusto
1168 609 1176 648 ι
1188 609 1218 650 r.

126 684 214 746 Suet.
231 687 311 761 Aug.
329 702 358 744 o.
372 684 424 745 56.
437 682 587 746 Veneficii
597 703 651 746 reo
662 683 777 766 objecit
790 685 911 748 Cassius
924 685 1056 748 Severus
1066 699 1226 747 accusator
1250 645 1271 718 ²
1299 646 1319 718 3

128 785 226 867 (Suet.
245 787 327 863 Aug.
350 805 380 847 c.
409 783 485 869 56),
511 805 581 848 eum
598 805 720 856 renerio
743 787 877 867 triginta
896 799 929 850 et
942 799 1066 850 eentum
1080 784 1227 854 convivus

128 905 256 948 neeesse
269 907 278 947 ι
291 907 322 948 v.
338 885 421 950 Plin.
434 888 474 947 ΙΙ.
491 889 531 949 lt.
548 885 677 962 XXXV,
700 889 750 962 12,
773 901 852 950 extr.

172 981 305 1066 Quintil.
323 986 363 1058 ll,
380 987 409 1058 l,
426 985 478 1046 232
491 985 570 1047 illud
583 983 788 1058 utilissimum,
801 1003 890 1052 nosse
902 1005 956 1048 ees
966 1003 1086 1058 suusne,
1096 1001 1227 1066 quem

128 1084 288 1146 orationes
298 1085 330 1147 in
346 1104 456 1147 monus
468 1085 697 1168 sumpserimus,
714 1101 746 1149 et
758 1085 878 1168 quoties
886 1082 1056 1164 continget,
1069 1086 1228 1166 utrimque

130 1184 253 1247 habites
262 1186 366 1267 legere
380 1183 531 1258 actiones,
546 1201 580 1250 nt
596 1190 812 1252 Demosthenis
827 1201 917 1268 etque
934 1183 1087 1250 AEsehinis
1099 1187 1183 1250 inter
1195 1205 1227 1248 se

129 1277 303 1345 eontisries
316 1296 347 1347 et
358 1283 447 1346 Serv.
461 1281 588 1366 Sulpicii
605 1299 699 1367 etque
712 1287 859 1360 Messalm,
878 1297 911 1347 et
921 1281 1074 1344 Pollt'om’s
1084 1298 1114 1342 et
1129 1283 1229 1348 Cassii

129 1401 184 1444 reo
202 1383 386 1460 Asprenate,
402 1381 539 1464 aliasque
552 1386 711 1466 plurimes.
728 1419 771 1434 -·
785 1385 954 1448 Exordium
966 1380 1118 1449 cretionis
1129 1379 1229 1447 Cassii

83 1510 85 1514 ⁷
127 1480 296 1543 etiamnum
309 1496 420 1546 exstet.

172 1580 204 1640 4.
228 1581 314 1644 Dixit
330 1584 455 1647 Asinius
471 1587 505 1646 in
527 1587 588 1648 ulia
602 1588 698 1648 etiam
718 1584 861 1649 veneficii
884 1605 988 1659 cause,
1011 1603 1066 1646 reo
1087 1582 1225 1654 Moscho,

128 1679 321 1757 Pergameno
335 1681 471 1742 rhetore.
490 1685 528 1743 ln
538 1685 646 1745 eadem
659 1682 713 1744 lite
723 1685 788 1762 egit
796 1679 929 1743 Manlius
943 1685 1125 1762 Torqustus,
1137 1700 1228 1764 quern

130 1781 277 1842 Horatius
291 1782 388 1862 Epist.
407 1783 433 1858 l,
446 1786 477 1857 5,
490 1785 529 1848 ed
540 1803 661 1846 coenem
672 1785 820 1856 invitans,
832 1795 939 1846 monet
953 1803 984 1844 v.
1002 1786 1035 1856 8,
1048 1787 1077 1846 9.

307 1947 387 2000 Molle
404 1949 468 2001 leves
482 1967 540 2020 spes
553 1957 581 2004 et
593 1948 735 2004 certamina
746 1951 905 2012 dtitt'lr'arum,

305 2036 331 2080 et
350 2030 453 2082 Moscltt'
464 2050 578 2096 cauom,

128 2181 168 2242 ad
187 2201 278 2261 quem
293 2183 394 2246 locum
408 2181 602 2268 Porphyrio=
622 2185 690 2262 Hic,
714 2186 827 2268 inquit,
842 2187 1054 2266 Pergamenus
1067 2181 1228 2244 rltetorrw·

126 2283 274 2356 tissimus,
298 2303 367 2344 reus
377 2285 602 2364 veneficiifuit,
622 2281 712 2366 cujus
726 2308 851 2347 causam
865 2307 908 2346 esc
921 2288 1031 2366 primis
1047 2299 1117 2344 tunc
1132 2298 1229 2343 orato·

127 2399 179 2439 res
190 2398 326 2460 ogerum,
350 2383 521 2466 Torquatus
538 2382 601 2456 lrr'c,
621 2386 658 2443 de
672 2406 733 2468 quo
749 2405 826 2444 nunc
844 2399 936 2461 poeta
951 2385 1038 2459 dicit,
1054 2384 1229 2445 etAsr‘nius

130 2477 241 2538 Pellio.

158 2663 402 2730 causaest-eperunt]
422 2675 501 2712 cause
515 2670 585 2712 certe
595 2669 655 2713 ante
669 2675 768 2713 aunum
782 2656 844 2719 lot,
856 2661 917 2726 quo'
926 2656 1075 2724 Torquatus
1090 2652 1119 2704 in
1133 2653 1228 2723 llispa-

195 2736 240 2788 nia
261 2755 322 2788 cum
344 2737 468 2812 Scipione
489 2739 609 2801 interiit,
640 2751 696 2792 ecta
720 2752 770 2792 est.
797 2731 863 2790 Vide
884 2737 1046 2806 Torquatum
1075 2745 1225 2793 oratorem,

197 2839 225 2890 p.
240 2823 303 2873 219.

169 2989 199 3047 5.
225 2988 364 3052 Tertium
381 2989 438 3051 luit
459 2991 559 3053 Asinii
573 2990 780 3072 putrooiuium
799 2990 833 3051 in
854 3008 947 3052 cause
971 2981 1137 3048 veneficiis
1154 3003 1225 3046 nem

125 3085 264 3149 defendit
286 3090 520 3167 Apollodorum,
543 3091 633 3174 hujus
656 3089 797 3154 criminis
817 3109 916 3153 mum.
936 3087 1008 3149 Fuit
1026 3085 1227 3170 Apollodorus

123 3186 234 3250 itidem
241 3190 451 3270 Pergamenus
457 3196 578 3269 rhetor,
591 3207 764 3276 preceptor
773 3192 905 3271 Augusti
915 3189 1009 3274 (Suet.
1024 3190 1104 3268 Aug.
1117 3207 1147 3249 c.
1160 3189 1223 3269 ss),

128 3291 204 3352 artis
229 3290 395 3356 rhetorices
418 3295 553 3376 scriptor
573 3295 793 3358 celeberrimus
819 3290 965 3378 (Quintil.
988 3291 1045 3366 111,
1070 3291 1099 3366 l,
1128 3289 1226 3374 ll),e

127 3387 215 3468 cujus
230 3410 298 3452 cum
309 3391 471 3455 Theodoro
485 3392 642 3464 Gedoreo,
659 3390 807 3480 magistro
821 3386 952 3463 liberii,
973 3389 1109 3451 dissensu
1120 3405 1224 3448 mons·

124 3501 201 3550 runt
226 3501 316 3552 sectus
342 3493 617 3572 Apollodoreorum
642 3503 673 3554 et
705 3491 964 3553 Theodoreorum.
999 3489 1225 3550 Condemnstus

125 3586 331 3670 Apollodorus
344 3590 510 3652 Massiliam
521 3589 656 3665 secessit,
669 3589 774 3672 ibique
784 3588 888 3651 docuit
901 3588 1022 3673 (Senec-
1037 3586 1059 3646 l.
1077 3605 1100 3646 rr
1111 3582 1222 3648 Contr.

126 3707 197 3761 xrrr,
215 3706 246 3768 p.
261 3687 347 3770 202),
365 3708 495 3769 eumque
509 3688 593 3750 iuter
607 3700 750 3772 μακροβίους
762 3701 905 3748 recenset
923 3678 1097 3758 Lucienus,
1115 3699 1150 3744 οι
1168 3682 1221 3744 23.
1240 3673 1244 3680 ’

169 3785 281 3847 Senec.
299 3783 451 3847 Controv.
469 3787 514 3859 ΙΙ,
533 3786 583 3862 tt,
606 3807 638 3868 p.
656 3785 717 3850 202
737 3805 745 3845 :
762 3781 840 3846 Novi
857 3784 1080 3846 declamatores
1091 3793 1123 3842 et
1136 3779 1223 3842 Pote-

125 3898 200 3942 mon
211 3900 281 3944 cum
294 3881 492 3963 Apollodoro,
510 3882 561 3964 qui
573 3901 646 3946 reus
655 3881 800 3945 veneficii
811 3876 871 3942 fuit
884 3893 916 3941 et
930 3899 949 3942 e
965 3877 1103 3942 Pollione
1117 3875 1222 3939 Asinio

125 3980 280 4057 defensus,
297 3982 458 4044 damnatus
476 3979 618 4045 Massiliae
639 3980 754 4058 docuit,
777 3994 808 4044 ct
832 3981 913 4042 hene
928 3980 1124 4063 questionem
1144 3975 1222 4038 leoe-

122 4093 198 4141 rnnt
211 4077 314 4142 irrhec
328 4077 554 4156 controversie,
572 4103 612 4144 an
628 4081 712 4146 inter
724 4077 808 4143 siros
822 4091 973 4142 etuxores
986 4069 1221 4144 delebenelieis
1252 4156 1253 4159 Ἴ

121 4177 240 4254 ingruti
253 4177 322 4255 lege
340 4188 518 4239 teneantur.
