2904 4840
601 307 666 379 139

128 442 233 504 Festus
249 467 258 518 ;
277 445 447 518 Rectissime,
464 463 582 526 quoque
602 446 642 508 ab
665 446 726 520 his,
754 463 821 526 quae
843 459 909 506 rata
925 444 1053 508 dicimus
1072 451 1181 512 :uude

1 625 2 630 η
89 535 181 600 etiam
195 542 333 604 rationes
344 539 446 604 tlictee.
462 542 538 606 Cato
550 543 583 604 iu
595 542 636 625 Q.
652 543 817 624 Thermum
830 563 840 603 t
863 539 951 620 Erga
965 543 1182 620 rempublicam

87 637 179 694 multa
193 636 338 720 beneficia
349 643 509 700 rarissima
521 656 608 724 atque
617 643 804 718 gratissima.

126 731 241 796 Cetera
257 735 439 814 fragmenta,
460 753 555 819 quaa
569 735 730 798 Prisciano
742 755 779 796 ex
794 731 936 798 oratione
959 735 993 795 in
1017 733 1183 796 Thermum

87 829 270 909 alleruntur,
287 829 321 893 iu
333 853 369 894 ea
383 834 563 896 collocanda
583 845 667 914 puto,
689 852 779 913 quam
793 831 827 894 in
839 833 1006 893 Thermum
1021 829 1132 892 habuit
1146 833 1184 892 de

85 945 157 1006 rege
171 930 335 993 Ptolomaeo
349 951 431 994 auno
446 931 519 1004 590,
534 929 616 992 inlra
631 951 663 1011 p.
683 930 733 992 51.

390 1072 394 1094 t
1242 1081 1247 1091 .

369 1123 421 1183 24.
448 1105 556 1184 enarro
572 1143 612 1183 to
627 1142 706 1184 utris
721 1139 886 1204 carisomus.
1123 1187 1125 1194 ‚
1210 1117 1254 1189 36

125 1285 216 1347 Hanc
231 1285 402 1346 orationem
420 1283 497 1346 Cato
519 1284 628 1346 habuit
642 1305 754 1346 censor
779 1286 818 1346 ad
842 1286 1000 1368 populum,
1017 1300 1181 1368 antequam

84 1399 230 1447 notarum
246 1387 390 1448 redderet
404 1387 569 1461 rationem,
583 1393 648 1468 'quae
658 1387 768 1450 multas
781 1399 944 1450 moverant
955 1387 1036 1450 lites.
1049 1385 1183 1454 Ursinus

84 1485 267 1547 emendabat
291 1487 334 1543 ad
345 1501 430 1546 notas
445 1485 609 1546 censorias.
628 1491 669 1548 At
687 1487 815 1548 lortasse
835 1501 905 1568 post
927 1508 1089 1550 censuram
1114 1495 1183 1548 eain

83 1583 203 1659 habuit,
219 1602 289 1643 cum
300 1586 336 1668 F.
352 1583 542 1646 Flamininus
553 1581 716 1654 effecisset,
731 1596 765 1643 ut
779 1582 959 1660 locationes,
984 1605 1063 1666 quas,
1072 1604 1184 1645 censor

84 1685 201 1748 iecerat
216 1686 304 1760 Cato,
327 1686 424 1747 irritae
445 1699 549 1748 essent
573 1699 606 1747 et
631 1686 727 1747 multa
746 1687 775 1746 ei
800 1683 1006 1764 irrogaretur.
1036 1686 1126 1767 Quod
1145 1706 1185 1748 ex

86 1783 248 1844 Plutarch.
266 1781 334 1843 Cat.
359 1802 389 1844 e.
410 1783 684 1864 recognoscimus.
705 1777 769 1869 [sic
790 1785 898 1844 statuit
918 1779 1011 1844 etiam
1032 1780 1183 1870 Bolhuis.,

85 1904 177 1964 quam
187 1903 219 1944 v.
234 1903 266 1964 p.
287 1885 359 1956 162,
375 1884 428 1946 ubi
440 1885 523 1946 locos
536 1898 675 1946 veterum
690 1886 728 1945 de
743 1903 874 1946 censura
888 1881 1015 1947 Catonis
1030 1877 1181 1972 collegit]

84 1981 189 2042 Livius
203 2000 323 2062 quoque
338 1982 392 2043 has
401 1983 471 2046 lites
485 1997 636 2046 memorat
645 1982 700 2044 lib.
713 1982 858 2058 XXXIX,
875 1983 936 2043 ll:
958 1980 1101 2046 «Nobilis
1112 2002 1185 2045 cen·

85 2103 154 2146 sura
178 2081 235 2144 luit
250 2079 509 2166 simultatiumque
524 2085 626 2168 plena,
651 2105 716 2166 quae
730 2087 773 2145 M.
793 2085 950 2158 Porcium,
963 2083 1018 2164 oui
1032 2081 1185 2149 acerbitas

85 2201 120 2242 ea
134 2177 360 2272 assignabatur,
373 2202 561 2264 peromnem
576 2184 671 2246 vitam
686 2198 905 2248 exercuerunt.
924 2213 938 2244 u

126 2279 252 2339 Festus:
272 2281 465 2341 Periculatus
479 2303 558 2358 Sum,
575 2282 652 2345 Cato
669 2281 715 2345 ait
730 2284 763 2344 in
778 2303 816 2345 ea
831 2283 984 2359 oratione,
1002 2303 1093 2364 quam
1107 2283 1182 2346 scri·

85 2377 145 2458 psit
166 2379 204 2436 ad
217 2376 282 2452 litis
297 2376 464 2440 censorias.
487 2378 583 2436 Persi
594 2421 604 2446 ,
631 2399 695 2441 nou
712 2385 849 2458 peperci,
875 2382 920 2442 ait
933 2379 1010 2442 Cato
1030 2379 1063 2442 in
1077 2381 1184 2444 eadem

85 2462 225 2522 oratione
239 2484 246 2522 t
263 2464 348 2536 Scio,
356 2468 502 2542 fortunas
515 2465 662 2523 secundas
672 2466 898 2546 neglegentium
907 2467 1058 2544 prendere
1072 2466 1183 2525 solere.-

84 2561 163 2644 quod
184 2565 226 2618 uti
241 2559 427 2639 prohibitum
448 2565 543 2628 irem,
565 2562 646 2645 quod
666 2565 697 2620 in
719 2582 769 2622 me
793 2576 882 2631 esset,
908 2581 976 2622 meo
1001 2559 1101 2620 labori
1124 2583 1184 2621 non

82 2681 178 2738 parsi.

117 2797 304 2872 neglegentiam
318 2801 460 2872 prendere]
480 2803 499 2853 i.
513 2820 538 2854 e.
554 2819 694 2866 arcessere,
710 2799 827 2872 gignere.
843 2799 943 2851 Sensus
958 2808 1014 2852 est:
1034 2816 1095 2866 oum
1108 2813 1183 2856 vere-

154 2901 205 2944 rer,
224 2901 257 2934 ne
271 2883 383 2936 Romani
396 2885 429 2936 ob
442 2885 650 2954 fortunamque
663 2883 801 2946 florebant,
820 2901 835 2934 a
847 2879 985 2934 severitate
997 2899 1099 2933 morum
1110 2898 1182 2933 rece-

154 2964 257 3030 derent,
270 2967 297 3018 id
311 2980 371 3020 ante
388 2967 476 3019 omnia
489 2966 517 3018 in
532 2985 645 3020 censura
657 2965 804 3020 curandum
814 2983 872 3018 esse
882 2963 1038 3028 existimavi,
1056 2977 1096 3030 ut,
1111 2964 1181 3040 quod

153 3050 182 3101 in
190 3069 232 3102 me
240 3062 306 3113 eret,
320 3050 433 3103 luxuria
443 3063 471 3104 et
479 3051 580 3104 inertiae
589 3051 748 3104 resisterem.

341 3229 395 3292 25.
420 3250 529 3292 cunno
552 3251 591 3292 ur
612 3251 705 3294 status
727 3252 763 3294 sr
784 3235 920 3294 rasuera.
967 3220 969 3224 ¹

121 3374 230 3458 Livius
251 3396 404 3467 XXXIX,
428 3393 469 3456 44
495 3417 503 3454 :
529 3395 716 3458 Ornamenta
744 3410 773 3454 et
797 3373 915 3462 oesiam
946 3397 1125 3466 muliebrem
1153 3408 1183 3462 et

81 3494 242 3564 vehicula,
262 3517 329 3578 quae
348 3496 449 3574 pluris
468 3516 559 3581 quam
581 3497 749 3580 quindecim
772 3497 903 3556 millium
924 3501 1127 3568 ramessem,
1149 3496 1183 3550 in
1235 3497 1237 3502 ’

80 3617 206 3657 censum
221 3597 336 3674 reflerre
349 3601 484 3658 viatores
493 3591 598 3679 Jirssii.
617 3595 714 3682 Signa
735 3610 772 3660 et.
783 3600 903 3662 tabulas
921 3610 1069 3679 tanquam
1088 3614 1181 3658 orna-

80 3708 186 3758 menta
201 3694 308 3754 domus
323 3696 427 3756 censui
439 3695 578 3778 subjecta
593 3715 690 3757 essea
705 3695 824 3762 Catone
842 3699 963 3780 opinor.

123 3795 249 3858 Festus:
276 3819 291 3850 a
307 3795 580 3882 Redemptitarere,
610 3809 645 3858 ut
663 3797 876 3875 clamitavere,
904 3797 981 3868 Cato
1007 3797 1040 3858 in
1055 3817 1104 3872 ea,
1122 3818 1182 3884 qua

80 3892 144 3972 egit
167 3896 205 3956 tle
225 3891 320 3974 signis
336 3903 367 3953 et
392 3894 526 3956 tabulis:
542 3895 696 3956 Honorem
717 3911 911 3976 temptavere,
935 3895 991 3968 ait,
1018 3897 1182 3976 maleflrcta

1 4015 2 4022 ¹
81 3989 248 4071 benefactis
262 4013 322 4052 non
332 3992 593 4070 redemptitavere.
611 4019 626 4050 r>
638 3993 742 4058 Codex
752 3995 834 4058 Festi
847 3979 904 4080 pro
920 3991 1182 4075 malefactahabet

1 4113 2 4122 κ
80 4086 205 4170 iesecta
227 4087 304 4175 (sic).
335 4087 466 4154 Ursinus
480 4089 656 4159 emendavit
677 4083 1044 4171 Honorememptitarere.
1068 4083 1186 4180 [Quem
