<?xml version="1.0" encoding="UTF-8"?>
<!DOCTYPE html PUBLIC "-//W3C//DTD XHTML 1.0 Transitional//EN"
    "http://www.w3.org/TR/xhtml1/DTD/xhtml1-transitional.dtd">
<html xmlns="http://www.w3.org/1999/xhtml" xml:lang="en" lang="en">
 <head>
  <title>
</title>
<meta http-equiv="Content-Type" content="text/html;charset=utf-8" />
  <meta name='ocr-system' content='tesseract 3.04.00' />
  <meta name='ocr-capabilities' content='ocr_page ocr_carea ocr_par ocr_line ocrx_word'/>
</head>
<body>
  <div class='ocr_page' id='page_1' title='image "./oratorumromanor00meyegoog_0192.png"; bbox 0 0 2904 4838; ppageno 0'>
   <div class='ocr_carea' id='block_1_1' title="bbox 624 249 1436 440">
    <p class='ocr_par' dir='ltr' id='par_1_1' title="bbox 624 249 1436 440">
     <span class='ocr_line' id='line_1_1' title="bbox 624 249 1436 440; baseline 0 -60"><span class='ocrx_word' id='word_1_1' title='bbox 624 249 628 256; x_wconf 36' lang='lat'>¹</span> <span class='ocrx_word' id='word_1_2' title='bbox 742 269 832 386; x_wconf 76' lang='lat' dir='ltr'><strong>isc</strong></span> <span class='ocrx_word' id='word_1_3' title='bbox 1434 315 1436 440; x_wconf 51' lang='grc' dir='ltr'>ξ</span> 
     </span>
    </p>
   </div>
   <div class='ocr_carea' id='block_1_2' title="bbox 221 429 1436 525">
    <p class='ocr_par' dir='ltr' id='par_1_2' title="bbox 221 429 1436 525">
     <span class='ocr_line' id='line_1_2' title="bbox 221 429 1436 525; baseline -0.012 -15"><span class='ocrx_word' id='word_1_4' title='bbox 221 429 324 510; x_wconf 82' lang='lat' dir='ltr'><strong>Gellio</strong></span> <span class='ocrx_word' id='word_1_5' title='bbox 337 443 548 523; x_wconf 76' lang='lat' dir='ltr'><strong>corrigendis,</strong></span> <span class='ocrx_word' id='word_1_6' title='bbox 565 455 656 525; x_wconf 80' lang='lat' dir='ltr'><strong>atquc</strong></span> <span class='ocrx_word' id='word_1_7' title='bbox 666 442 732 525; x_wconf 84' lang='lat' dir='ltr'><strong>jam</strong></span> <span class='ocrx_word' id='word_1_8' title='bbox 748 439 843 512; x_wconf 88' lang='lat' dir='ltr'><strong>editio</strong></span> <span class='ocrx_word' id='word_1_9' title='bbox 859 441 939 508; x_wconf 80' lang='lat'><strong>1526</strong></span> <span class='ocrx_word' id='word_1_10' title='bbox 954 461 1063 506; x_wconf 80' lang='lat' dir='ltr'><strong>verum</strong></span> <span class='ocrx_word' id='word_1_11' title='bbox 1075 439 1170 502; x_wconf 82' lang='lat' dir='ltr'><strong>habet</strong></span> <span class='ocrx_word' id='word_1_12' title='bbox 1181 438 1246 499; x_wconf 83' lang='lat' dir='ltr'><strong>Sed</strong></span> <span class='ocrx_word' id='word_1_13' title='bbox 1256 442 1321 498; x_wconf 78' lang='lat' dir='ltr'><strong>nisa·</strong></span> <span class='ocrx_word' id='word_1_14' title='bbox 1434 445 1436 512; x_wconf 63' lang='lat' dir='ltr'><strong>t</strong></span> 
     </span>
    </p>
   </div>
   <div class='ocr_carea' id='block_1_3' title="bbox 188 540 1435 920">
    <p class='ocr_par' dir='ltr' id='par_1_3' title="bbox 216 540 950 632">
     <span class='ocr_line' id='line_1_3' title="bbox 216 540 950 632; baseline 0 -28"><span class='ocrx_word' id='word_1_15' title='bbox 216 551 286 632; x_wconf 53' lang='grc' dir='ltr'><strong>Χ(μή,</strong></span> <span class='ocrx_word' id='word_1_16' title='bbox 301 544 382 625; x_wconf 84' lang='lat' dir='ltr'><strong>qnod</strong></span> <span class='ocrx_word' id='word_1_17' title='bbox 395 543 431 605; x_wconf 87' lang='lat' dir='ltr'><strong>in</strong></span> <span class='ocrx_word' id='word_1_18' title='bbox 442 540 517 605; x_wconf 89' lang='lat' dir='ltr'><strong>edit.</strong></span> <span class='ocrx_word' id='word_1_19' title='bbox 531 541 666 606; x_wconf 85' lang='lat' dir='ltr'><strong>Merceri</strong></span> <span class='ocrx_word' id='word_1_20' title='bbox 676 543 877 626; x_wconf 76' lang='lat' dir='ltr'><strong>deprevatum</strong></span> <span class='ocrx_word' id='word_1_21' title='bbox 892 554 950 606; x_wconf 71' lang='lat' dir='ltr'><strong>esc</strong></span> 
     </span>
    </p>

    <p class='ocr_par' dir='ltr' id='par_1_4' title="bbox 188 630 1435 920">
     <span class='ocr_line' id='line_1_4' title="bbox 188 630 1435 715; baseline -0.01 -10"><span class='ocrx_word' id='word_1_22' title='bbox 188 647 190 653; x_wconf 83' lang='grc'><em>’</em></span> <span class='ocrx_word' id='word_1_23' title='bbox 263 637 384 706; x_wconf 85' lang='lat' dir='ltr'><strong>Gellius</strong></span> <span class='ocrx_word' id='word_1_24' title='bbox 397 638 437 715; x_wconf 85' lang='lat' dir='ltr'><strong>X,</strong></span> <span class='ocrx_word' id='word_1_25' title='bbox 455 639 512 702; x_wconf 75' lang='lat'><strong>13:</strong></span> <span class='ocrx_word' id='word_1_26' title='bbox 528 642 570 702; x_wconf 82' lang='lat' dir='ltr'><strong>ll.</strong></span> <span class='ocrx_word' id='word_1_27' title='bbox 588 639 666 703; x_wconf 81' lang='lat' dir='ltr'><strong>Ceto</strong></span> <span class='ocrx_word' id='word_1_28' title='bbox 681 641 716 701; x_wconf 92' lang='lat' dir='ltr'><strong>in</strong></span> <span class='ocrx_word' id='word_1_29' title='bbox 729 636 874 704; x_wconf 83' lang='lat' dir='ltr'><strong>oratione</strong></span> <span class='ocrx_word' id='word_1_30' title='bbox 888 641 928 702; x_wconf 89' lang='lat' dir='ltr'><strong>de</strong></span> <span class='ocrx_word' id='word_1_31' title='bbox 940 659 975 702; x_wconf 85' lang='lat' dir='ltr'><strong>rc</strong></span> <span class='ocrx_word' id='word_1_32' title='bbox 993 635 1095 702; x_wconf 80' lang='lat' dir='ltr'><strong>Floria</strong></span> <span class='ocrx_word' id='word_1_33' title='bbox 1110 637 1155 700; x_wconf 82' lang='lat' dir='ltr'><strong>ite</strong></span> <span class='ocrx_word' id='word_1_34' title='bbox 1168 630 1317 714; x_wconf 76' lang='lat' dir='ltr'><strong>scripsit:</strong></span> <span class='ocrx_word' id='word_1_35' title='bbox 1434 681 1435 686; x_wconf 61' lang='grc'>,</span> 
     </span>
     <span class='ocr_line' id='line_1_5' title="bbox 225 735 1320 818; baseline -0.007 -20"><span class='ocrx_word' id='word_1_36' title='bbox 225 738 276 798; x_wconf 80' lang='lat' dir='ltr'><strong>Ibi</strong></span> <span class='ocrx_word' id='word_1_37' title='bbox 285 758 345 817; x_wconf 84' lang='lat' dir='ltr'><strong>pro</strong></span> <span class='ocrx_word' id='word_1_38' title='bbox 356 751 454 798; x_wconf 89' lang='lat' dir='ltr'><strong>scorto</strong></span> <span class='ocrx_word' id='word_1_39' title='bbox 457 738 536 818; x_wconf 83' lang='lat' dir='ltr'><strong>fuit,</strong></span> <span class='ocrx_word' id='word_1_40' title='bbox 550 741 582 796; x_wconf 85' lang='lat' dir='ltr'><strong>t‘n</strong></span> <span class='ocrx_word' id='word_1_41' title='bbox 591 735 758 798; x_wconf 70' lang='lat' dir='ltr'><strong>cubiculum</strong></span> <span class='ocrx_word' id='word_1_42' title='bbox 767 741 965 801; x_wconf 79' lang='lat' dir='ltr'><strong>surrectitavit</strong></span> <span class='ocrx_word' id='word_1_43' title='bbox 977 758 997 798; x_wconf 87' lang='lat' dir='ltr'><strong>e</strong></span> <span class='ocrx_word' id='word_1_44' title='bbox 1009 739 1156 814; x_wconf 75' lang='lat' dir='ltr'><strong>convivio,</strong></span> <span class='ocrx_word' id='word_1_45' title='bbox 1165 753 1236 794; x_wconf 87' lang='lat' dir='ltr'><strong>cum</strong></span> <span class='ocrx_word' id='word_1_46' title='bbox 1246 752 1320 812; x_wconf 75' lang='lat' dir='ltr'><strong>par·</strong></span> 
     </span>
     <span class='ocr_line' id='line_1_6' title="bbox 222 832 1017 920; baseline 0.004 -25"><span class='ocrx_word' id='word_1_47' title='bbox 222 842 278 898; x_wconf 79' lang='lat' dir='ltr'><strong>tim</strong></span> <span class='ocrx_word' id='word_1_48' title='bbox 288 838 408 900; x_wconf 70' lang='lat' dir='ltr'><strong>Wcmm</strong></span> <span class='ocrx_word' id='word_1_49' title='bbox 419 832 489 920; x_wconf 80' lang='lat' dir='ltr'><strong>jam</strong></span> <span class='ocrx_word' id='word_1_50' title='bbox 499 857 584 918; x_wconf 77' lang='lat' dir='ltr'><strong>sape</strong></span> <span class='ocrx_word' id='word_1_51' title='bbox 597 839 639 898; x_wconf 81' lang='lat' dir='ltr'><strong>ad</strong></span> <span class='ocrx_word' id='word_1_52' title='bbox 650 838 792 898; x_wconf 80' lang='lat' dir='ltr'><strong>sunrdem</strong></span> <span class='ocrx_word' id='word_1_53' title='bbox 804 839 929 900; x_wconf 83' lang='lat' dir='ltr'><strong>modum</strong></span> <span class='ocrx_word' id='word_1_54' title='bbox 941 853 1017 900; x_wconf 83' lang='lat' dir='ltr'><strong>emt.</strong></span> 
     </span>
    </p>
   </div>
   <div class='ocr_carea' id='block_1_4' title="bbox 258 973 1020 1048">
    <p class='ocr_par' dir='ltr' id='par_1_5' title="bbox 258 973 1020 1048">
     <span class='ocr_line' id='line_1_7' title="bbox 258 973 1020 1048; baseline 0.003 -22"><span class='ocrx_word' id='word_1_55' title='bbox 258 977 355 1040; x_wconf 80' lang='lat' dir='ltr'><strong>*eratJ</strong></span> <span class='ocrx_word' id='word_1_56' title='bbox 374 973 536 1047; x_wconf 75' lang='lat' dir='ltr'><strong>legendum,</strong></span> <span class='ocrx_word' id='word_1_57' title='bbox 549 975 580 1028; x_wconf 90' lang='lat' dir='ltr'><strong>ni</strong></span> <span class='ocrx_word' id='word_1_58' title='bbox 587 973 721 1046; x_wconf 39' lang='lat' dir='ltr'><strong>,sellimun</strong></span> <span class='ocrx_word' id='word_1_59' title='bbox 733 982 819 1030; x_wconf 64' lang='lat' dir='ltr'><strong>aaut.</strong></span> <span class='ocrx_word' id='word_1_60' title='bbox 835 977 870 1030; x_wconf 83' lang='lat' dir='ltr'><strong>V.</strong></span> <span class='ocrx_word' id='word_1_61' title='bbox 885 976 917 1029; x_wconf 77' lang='lat' dir='ltr'><strong>nd</strong></span> <span class='ocrx_word' id='word_1_62' title='bbox 929 994 960 1048; x_wconf 85' lang='lat' dir='ltr'><strong>p.</strong></span> <span class='ocrx_word' id='word_1_63' title='bbox 976 977 1020 1030; x_wconf 74' lang='lat' dir='ltr'><strong>et.</strong></span> 
     </span>
    </p>
   </div>
   <div class='ocr_carea' id='block_1_5' title="bbox 149 1159 1272 1263">
    <p class='ocr_par' dir='ltr' id='par_1_6' title="bbox 149 1159 1272 1263">
     <span class='ocr_line' id='line_1_8' title="bbox 149 1159 1272 1263; baseline 0.002 -33"><span class='ocrx_word' id='word_1_64' title='bbox 149 1180 194 1252; x_wconf 74' lang='lat'><strong>62</strong></span> <span class='ocrx_word' id='word_1_65' title='bbox 226 1191 235 1263; x_wconf 17' lang='lat' dir='ltr'><strong>x·</strong></span> <span class='ocrx_word' id='word_1_66' title='bbox 260 1189 263 1196; x_wconf 89' lang='lat'>·</span> <span class='ocrx_word' id='word_1_67' title='bbox 300 1167 352 1232; x_wconf 76' lang='lat'><strong>58.</strong></span> <span class='ocrx_word' id='word_1_68' title='bbox 374 1189 453 1233; x_wconf 72' lang='lat' dir='ltr'><strong>cino</strong></span> <span class='ocrx_word' id='word_1_69' title='bbox 475 1190 506 1232; x_wconf 85' lang='lat' dir='ltr'><strong>tn</strong></span> <span class='ocrx_word' id='word_1_70' title='bbox 520 1188 732 1244; x_wconf 61' lang='lat' dir='ltr'><strong>&#39;nissussronm</strong></span> <span class='ocrx_word' id='word_1_71' title='bbox 757 1189 794 1232; x_wconf 85' lang='lat' dir='ltr'><strong>nr</strong></span> <span class='ocrx_word' id='word_1_72' title='bbox 817 1189 876 1231; x_wconf 80' lang='lat' dir='ltr'><strong>nux</strong></span> <span class='ocrx_word' id='word_1_73' title='bbox 896 1189 985 1231; x_wconf 74' lang='lat' dir='ltr'><strong>nnus</strong></span> <span class='ocrx_word' id='word_1_74' title='bbox 1007 1185 1240 1233; x_wconf 79' lang='lat' dir='ltr'><strong>nsnocsrrrun.</strong></span> <span class='ocrx_word' id='word_1_75' title='bbox 1269 1159 1272 1164; x_wconf 70' lang='grc'><strong>’</strong></span> 
     </span>
    </p>
   </div>
   <div class='ocr_carea' id='block_1_6' title="bbox 222 1358 1345 3346">
    <p class='ocr_par' dir='ltr' id='par_1_7' title="bbox 222 1358 1345 3024">
     <span class='ocr_line' id='line_1_9' title="bbox 263 1358 1320 1442; baseline 0.002 -18"><span class='ocrx_word' id='word_1_76' title='bbox 263 1361 389 1441; x_wconf 77' lang='lat' dir='ltr'><strong>Pighius</strong></span> <span class='ocrx_word' id='word_1_77' title='bbox 403 1361 517 1425; x_wconf 71' lang='lat' dir='ltr'><strong>dunel.</strong></span> <span class='ocrx_word' id='word_1_78' title='bbox 545 1362 608 1424; x_wconf 84' lang='lat' dir='ltr'><strong>vol.</strong></span> <span class='ocrx_word' id='word_1_79' title='bbox 629 1359 661 1438; x_wconf 81' lang='lat'><strong>2,</strong></span> <span class='ocrx_word' id='word_1_80' title='bbox 678 1381 708 1442; x_wconf 88' lang='lat' dir='ltr'><strong>p.</strong></span> <span class='ocrx_word' id='word_1_81' title='bbox 728 1358 790 1424; x_wconf 73' lang='grc'><strong>389</strong></span> <span class='ocrx_word' id='word_1_82' title='bbox 805 1359 918 1425; x_wconf 77' lang='lat' dir='ltr'><strong>scribit</strong></span> <span class='ocrx_word' id='word_1_83' title='bbox 933 1380 941 1419; x_wconf 75' lang='grc' dir='ltr'><strong><em>ε</em></strong></span> <span class='ocrx_word' id='word_1_84' title='bbox 958 1386 973 1416; x_wconf 84' lang='grc' dir='ltr'>ι</span> <span class='ocrx_word' id='word_1_85' title='bbox 988 1359 1119 1426; x_wconf 88' lang='lat' dir='ltr'><strong>Videtur</strong></span> <span class='ocrx_word' id='word_1_86' title='bbox 1133 1366 1176 1424; x_wconf 88' lang='grc' dir='ltr'><strong>Μ.</strong></span> <span class='ocrx_word' id='word_1_87' title='bbox 1201 1362 1320 1426; x_wconf 84' lang='lat' dir='ltr'><strong>Baeltins</strong></span> 
     </span>
     <span class='ocr_line' id='line_1_10' title="bbox 222 1457 1320 1546; baseline 0.001 -23"><span class='ocrx_word' id='word_1_88' title='bbox 222 1473 337 1546; x_wconf 80' lang='lat' dir='ltr'><strong>praetor</strong></span> <span class='ocrx_word' id='word_1_89' title='bbox 349 1461 450 1540; x_wconf 86' lang='lat' dir='ltr'><strong>legem</strong></span> <span class='ocrx_word' id='word_1_90' title='bbox 463 1460 557 1544; x_wconf 87' lang='lat' dir='ltr'><strong>(anno</strong></span> <span class='ocrx_word' id='word_1_91' title='bbox 568 1459 643 1545; x_wconf 80' lang='lat'>562)</span> <span class='ocrx_word' id='word_1_92' title='bbox 658 1479 698 1522; x_wconf 84' lang='lat' dir='ltr'><strong>cx</strong></span> <span class='ocrx_word' id='word_1_93' title='bbox 719 1471 841 1522; x_wconf 88' lang='lat' dir='ltr'><strong>senatus</strong></span> <span class='ocrx_word' id='word_1_94' title='bbox 856 1459 1041 1524; x_wconf 76' lang='lat' dir='ltr'><strong>anctoritate</strong></span> <span class='ocrx_word' id='word_1_95' title='bbox 1054 1457 1160 1522; x_wconf 89' lang='lat' dir='ltr'><strong>tulisse</strong></span> <span class='ocrx_word' id='word_1_96' title='bbox 1172 1463 1211 1524; x_wconf 88' lang='lat' dir='ltr'><strong>ad</strong></span> <span class='ocrx_word' id='word_1_97' title='bbox 1225 1481 1320 1545; x_wconf 84' lang='lat' dir='ltr'><strong>popu·</strong></span> 
     </span>
     <span class='ocr_line' id='line_1_11' title="bbox 222 1554 1345 1639; baseline -0.001 -18"><span class='ocrx_word' id='word_1_98' title='bbox 222 1563 296 1635; x_wconf 89' lang='lat' dir='ltr'><strong>lum,</strong></span> <span class='ocrx_word' id='word_1_99' title='bbox 312 1571 347 1620; x_wconf 91' lang='lat' dir='ltr'><strong>ut</strong></span> <span class='ocrx_word' id='word_1_100' title='bbox 360 1554 491 1620; x_wconf 83' lang='lat' dir='ltr'><strong>alternis</strong></span> <span class='ocrx_word' id='word_1_101' title='bbox 501 1556 594 1620; x_wconf 83' lang='lat' dir='ltr'><strong>annis</strong></span> <span class='ocrx_word' id='word_1_102' title='bbox 607 1569 739 1638; x_wconf 83' lang='lat' dir='ltr'><strong>quatuor</strong></span> <span class='ocrx_word' id='word_1_103' title='bbox 752 1556 944 1620; x_wconf 81' lang='lat' dir='ltr'><strong>solummodo</strong></span> <span class='ocrx_word' id='word_1_104' title='bbox 957 1569 1107 1639; x_wconf 78' lang='lat' dir='ltr'><strong>pretores</strong></span> <span class='ocrx_word' id='word_1_105' title='bbox 1120 1572 1318 1621; x_wconf 76' lang='lat' dir='ltr'><strong>crearentur.</strong></span> <span class='ocrx_word' id='word_1_106' title='bbox 1343 1563 1345 1568; x_wconf 82' lang='grc'>’</span> 
     </span>
     <span class='ocr_line' id='line_1_12' title="bbox 222 1649 1320 1741; baseline -0.001 -23"><span class='ocrx_word' id='word_1_107' title='bbox 222 1657 323 1741; x_wconf 81' lang='lat' dir='ltr'><strong>Quem</strong></span> <span class='ocrx_word' id='word_1_108' title='bbox 344 1667 453 1724; x_wconf 79' lang='lat' dir='ltr'><strong>tamen·</strong></span> <span class='ocrx_word' id='word_1_109' title='bbox 469 1654 598 1720; x_wconf 78' lang='lat' dir='ltr'><strong>otiosam</strong></span> <span class='ocrx_word' id='word_1_110' title='bbox 621 1656 661 1717; x_wconf 82' lang='lat' dir='ltr'><strong>cd</strong></span> <span class='ocrx_word' id='word_1_111' title='bbox 682 1673 799 1716; x_wconf 81' lang='lat' dir='ltr'><strong>annum</strong></span> <span class='ocrx_word' id='word_1_112' title='bbox 821 1654 882 1718; x_wconf 84' lang='grc'><strong>574</strong></span> <span class='ocrx_word' id='word_1_113' title='bbox 907 1651 971 1728; x_wconf 85' lang='lat' dir='ltr'><strong>(vel</strong></span> <span class='ocrx_word' id='word_1_114' title='bbox 993 1649 1097 1735; x_wconf 88' lang='lat' dir='ltr'><strong>potius</strong></span> <span class='ocrx_word' id='word_1_115' title='bbox 1122 1654 1196 1738; x_wconf 75' lang='lat'>575)</span> <span class='ocrx_word' id='word_1_116' title='bbox 1215 1673 1320 1738; x_wconf 62' lang='lat' dir='ltr'><strong>‘usquc</strong></span> 
     </span>
     <span class='ocr_line' id='line_1_13' title="bbox 223 1753 1318 1839; baseline -0.004 -17"><span class='ocrx_word' id='word_1_117' title='bbox 223 1756 327 1834; x_wconf 87' lang='lat' dir='ltr'><strong>(cont.</strong></span> <span class='ocrx_word' id='word_1_118' title='bbox 341 1757 410 1819; x_wconf 85' lang='lat' dir='ltr'><strong>Lir.</strong></span> <span class='ocrx_word' id='word_1_119' title='bbox 425 1755 493 1833; x_wconf 84' lang='lat' dir='ltr'><strong>XL,</strong></span> <span class='ocrx_word' id='word_1_120' title='bbox 513 1757 552 1822; x_wconf 80' lang='lat' dir='ltr'><strong>tc</strong></span> <span class='ocrx_word' id='word_1_121' title='bbox 567 1768 600 1819; x_wconf 85' lang='lat' dir='ltr'><strong>et</strong></span> <span class='ocrx_word' id='word_1_122' title='bbox 612 1753 671 1839; x_wconf 78' lang='grc'><strong>44)</strong></span> <span class='ocrx_word' id='word_1_123' title='bbox 685 1767 718 1818; x_wconf 89' lang='lat' dir='ltr'><strong>et</strong></span> <span class='ocrx_word' id='word_1_124' title='bbox 731 1768 839 1838; x_wconf 87' lang='lat' dir='ltr'><strong>postea</strong></span> <span class='ocrx_word' id='word_1_125' title='bbox 853 1756 946 1820; x_wconf 80' lang='lat' dir='ltr'><strong>ctiam</strong></span> <span class='ocrx_word' id='word_1_126' title='bbox 961 1756 1161 1832; x_wconf 84' lang='lat' dir='ltr'><strong>remansisse,</strong></span> <span class='ocrx_word' id='word_1_127' title='bbox 1176 1775 1217 1818; x_wconf 86' lang='lat' dir='ltr'><strong>ex</strong></span> <span class='ocrx_word' id='word_1_128' title='bbox 1232 1765 1318 1838; x_wconf 86' lang='lat' dir='ltr'><strong>snpe-</strong></span> 
     </span>
     <span class='ocr_line' id='line_1_14' title="bbox 223 1850 1320 1936; baseline 0.001 -19"><span class='ocrx_word' id='word_1_129' title='bbox 223 1856 359 1918; x_wconf 86' lang='lat' dir='ltr'><strong>rioribus</strong></span> <span class='ocrx_word' id='word_1_130' title='bbox 372 1853 463 1919; x_wconf 81' lang='lat' dir='ltr'><strong>lecile</strong></span> <span class='ocrx_word' id='word_1_131' title='bbox 477 1854 623 1934; x_wconf 77' lang='lat' dir='ltr'><strong>colligere</strong></span> <span class='ocrx_word' id='word_1_132' title='bbox 635 1867 695 1928; x_wconf 90' lang='lat' dir='ltr'><strong>est,</strong></span> <span class='ocrx_word' id='word_1_133' title='bbox 711 1865 746 1916; x_wconf 88' lang='lat' dir='ltr'><strong>ut</strong></span> <span class='ocrx_word' id='word_1_134' title='bbox 760 1873 798 1916; x_wconf 83' lang='lat' dir='ltr'><strong>ex</strong></span> <span class='ocrx_word' id='word_1_135' title='bbox 810 1855 1009 1936; x_wconf 82' lang='lat' dir='ltr'><strong>sequentibus</strong></span> <span class='ocrx_word' id='word_1_136' title='bbox 1019 1850 1187 1929; x_wconf 80' lang='lat' dir='ltr'><strong>constabit,</strong></span> <span class='ocrx_word' id='word_1_137' title='bbox 1197 1857 1320 1934; x_wconf 82' lang='lat' dir='ltr'><strong>quando</strong></span> 
     </span>
     <span class='ocr_line' id='line_1_15' title="bbox 225 1951 1320 2035; baseline -0.001 -19"><span class='ocrx_word' id='word_1_138' title='bbox 225 1951 384 2028; x_wconf 89' lang='lat' dir='ltr'><strong>nimirum,</strong></span> <span class='ocrx_word' id='word_1_139' title='bbox 398 1971 468 2014; x_wconf 90' lang='lat' dir='ltr'><strong>cum</strong></span> <span class='ocrx_word' id='word_1_140' title='bbox 480 1954 561 2016; x_wconf 91' lang='lat' dir='ltr'><strong>mole</strong></span> <span class='ocrx_word' id='word_1_141' title='bbox 569 1951 694 2033; x_wconf 85' lang='lat' dir='ltr'><strong>imperii</strong></span> <span class='ocrx_word' id='word_1_142' title='bbox 705 1953 916 2017; x_wconf 86' lang='lat' dir='ltr'><strong>crescentibus</strong></span> <span class='ocrx_word' id='word_1_143' title='bbox 928 1951 1029 2028; x_wconf 88' lang='lat' dir='ltr'><strong>hellis,</strong></span> <span class='ocrx_word' id='word_1_144' title='bbox 1042 1965 1208 2035; x_wconf 80' lang='lat' dir='ltr'><strong>pretorem</strong></span> <span class='ocrx_word' id='word_1_145' title='bbox 1216 1973 1320 2016; x_wconf 90' lang='lat' dir='ltr'><strong>nume·</strong></span> 
     </span>
     <span class='ocr_line' id='line_1_16' title="bbox 223 2047 1320 2133; baseline 0 -19"><span class='ocrx_word' id='word_1_146' title='bbox 223 2073 293 2114; x_wconf 88' lang='lat' dir='ltr'><strong>rum</strong></span> <span class='ocrx_word' id='word_1_147' title='bbox 307 2052 581 2132; x_wconf 80' lang='lat' dir='ltr'><strong>adnugeremsgis</strong></span> <span class='ocrx_word' id='word_1_148' title='bbox 600 2071 692 2133; x_wconf 88' lang='lat' dir='ltr'><strong>quam</strong></span> <span class='ocrx_word' id='word_1_149' title='bbox 719 2047 862 2115; x_wconf 88' lang='lat' dir='ltr'><strong>minuere</strong></span> <span class='ocrx_word' id='word_1_150' title='bbox 889 2071 1014 2114; x_wconf 88' lang='lat' dir='ltr'><strong>necesse</strong></span> <span class='ocrx_word' id='word_1_151' title='bbox 1041 2049 1111 2115; x_wconf 82' lang='lat' dir='ltr'><strong>tuit.</strong></span> <span class='ocrx_word' id='word_1_152' title='bbox 1133 2049 1320 2116; x_wconf 78' lang='lat' dir='ltr'><strong>Diseussisse</strong></span> 
     </span>
     <span class='ocr_line' id='line_1_17' title="bbox 224 2139 1320 2234; baseline -0.002 -18"><span class='ocrx_word' id='word_1_153' title='bbox 224 2169 328 2218; x_wconf 87' lang='lat' dir='ltr'><strong>tamen</strong></span> <span class='ocrx_word' id='word_1_154' title='bbox 343 2152 509 2234; x_wconf 73' lang='lat' dir='ltr'><strong>aliquando</strong></span> <span class='ocrx_word' id='word_1_155' title='bbox 520 2154 562 2214; x_wconf 83' lang='lat' dir='ltr'><strong>tt.</strong></span> <span class='ocrx_word' id='word_1_156' title='bbox 579 2151 740 2227; x_wconf 82' lang='lat' dir='ltr'><strong>Catonem,</strong></span> <span class='ocrx_word' id='word_1_157' title='bbox 758 2171 799 2214; x_wconf 88' lang='lat' dir='ltr'><strong>nc</strong></span> <span class='ocrx_word' id='word_1_158' title='bbox 811 2152 1013 2234; x_wconf 82' lang='lat' dir='ltr'><strong>derogaretur</strong></span> <span class='ocrx_word' id='word_1_159' title='bbox 1027 2155 1077 2217; x_wconf 83' lang='lat' dir='ltr'><strong>lex</strong></span> <span class='ocrx_word' id='word_1_160' title='bbox 1098 2139 1213 2230; x_wconf 70' lang='lat' dir='ltr'><strong>Baebia,</strong></span> <span class='ocrx_word' id='word_1_161' title='bbox 1237 2155 1320 2216; x_wconf 84' lang='lat' dir='ltr'><strong>etad</strong></span> 
     </span>
     <span class='ocr_line' id='line_1_18' title="bbox 223 2249 1318 2338; baseline 0.002 -23"><span class='ocrx_word' id='word_1_162' title='bbox 223 2255 367 2338; x_wconf 87' lang='lat' dir='ltr'><strong>populum</strong></span> <span class='ocrx_word' id='word_1_163' title='bbox 380 2255 488 2317; x_wconf 82' lang='lat' dir='ltr'><strong>dehac</strong></span> <span class='ocrx_word' id='word_1_164' title='bbox 501 2251 612 2334; x_wconf 80' lang='lat' dir='ltr'><strong>egisse,</strong></span> <span class='ocrx_word' id='word_1_165' title='bbox 621 2249 794 2332; x_wconf 81' lang='lat' dir='ltr'><strong>colligimus</strong></span> <span class='ocrx_word' id='word_1_166' title='bbox 808 2256 956 2332; x_wconf 81' lang='lat' dir='ltr'><strong>exFesto,</strong></span> <span class='ocrx_word' id='word_1_167' title='bbox 975 2257 1027 2337; x_wconf 84' lang='lat' dir='ltr'><strong>qui</strong></span> <span class='ocrx_word' id='word_1_168' title='bbox 1036 2257 1115 2320; x_wconf 87' lang='lat' dir='ltr'><strong>citat</strong></span> <span class='ocrx_word' id='word_1_169' title='bbox 1124 2256 1189 2338; x_wconf 88' lang='lat' dir='ltr'><strong>ejus</strong></span> <span class='ocrx_word' id='word_1_170' title='bbox 1203 2256 1318 2318; x_wconf 83' lang='lat' dir='ltr'><strong>oratio·</strong></span> 
     </span>
     <span class='ocr_line' id='line_1_19' title="bbox 223 2349 1320 2434; baseline 0 -20"><span class='ocrx_word' id='word_1_171' title='bbox 223 2366 294 2414; x_wconf 85' lang='lat' dir='ltr'><strong>uem</strong></span> <span class='ocrx_word' id='word_1_172' title='bbox 307 2349 341 2416; x_wconf 88' lang='lat' dir='ltr'><strong>in</strong></span> <span class='ocrx_word' id='word_1_173' title='bbox 353 2371 430 2415; x_wconf 86' lang='lat' dir='ltr'><strong>voce</strong></span> <span class='ocrx_word' id='word_1_174' title='bbox 439 2353 545 2432; x_wconf 81' lang='lat' dir='ltr'><strong>Rogat.</strong></span> <span class='ocrx_word' id='word_1_175' title='bbox 565 2378 579 2409; x_wconf 77' lang='lat' dir='ltr'><strong>s</strong></span> <span class='ocrx_word' id='word_1_176' title='bbox 595 2387 637 2402; x_wconf 79' lang='lat'><strong>-</strong></span> <span class='ocrx_word' id='word_1_177' title='bbox 651 2352 806 2420; x_wconf 84' lang='lat' dir='ltr'><strong>Weberus</strong></span> <span class='ocrx_word' id='word_1_178' title='bbox 818 2349 962 2430; x_wconf 87' lang='lat' dir='ltr'><strong>similem,</strong></span> <span class='ocrx_word' id='word_1_179' title='bbox 979 2365 1013 2414; x_wconf 84' lang='lat' dir='ltr'><strong>et</strong></span> <span class='ocrx_word' id='word_1_180' title='bbox 1024 2372 1089 2416; x_wconf 92' lang='lat' dir='ltr'><strong>non</strong></span> <span class='ocrx_word' id='word_1_181' title='bbox 1101 2353 1240 2417; x_wconf 85' lang='lat' dir='ltr'><strong>eamdem</strong></span> <span class='ocrx_word' id='word_1_182' title='bbox 1252 2353 1320 2434; x_wconf 88' lang='lat' dir='ltr'><strong>opi-</strong></span> 
     </span>
     <span class='ocr_line' id='line_1_20' title="bbox 224 2447 1317 2531; baseline 0.001 -20"><span class='ocrx_word' id='word_1_183' title='bbox 224 2449 350 2512; x_wconf 88' lang='lat' dir='ltr'><strong>nionem</strong></span> <span class='ocrx_word' id='word_1_184' title='bbox 357 2448 461 2512; x_wconf 80' lang='lat' dir='ltr'><strong>hebet.</strong></span> <span class='ocrx_word' id='word_1_185' title='bbox 475 2449 563 2525; x_wconf 74' lang='lat' dir='ltr'><strong>Cato,</strong></span> <span class='ocrx_word' id='word_1_186' title='bbox 581 2447 637 2524; x_wconf 86' lang='lat' dir='ltr'><strong>ait,</strong></span> <span class='ocrx_word' id='word_1_187' title='bbox 649 2448 727 2512; x_wconf 83' lang='lat' dir='ltr'><strong>dixit</strong></span> <span class='ocrx_word' id='word_1_188' title='bbox 740 2473 770 2514; x_wconf 83' lang='lat' dir='ltr'><strong>a.</strong></span> <span class='ocrx_word' id='word_1_189' title='bbox 786 2450 861 2527; x_wconf 74' lang='lat'><strong>574,</strong></span> <span class='ocrx_word' id='word_1_190' title='bbox 873 2471 913 2513; x_wconf 90' lang='lat' dir='ltr'><strong>nc</strong></span> <span class='ocrx_word' id='word_1_191' title='bbox 923 2450 974 2514; x_wconf 88' lang='lat' dir='ltr'><strong>lex</strong></span> <span class='ocrx_word' id='word_1_192' title='bbox 987 2449 1091 2514; x_wconf 82' lang='lat' dir='ltr'><strong>Baebia</strong></span> <span class='ocrx_word' id='word_1_193' title='bbox 1102 2449 1317 2531; x_wconf 72' lang='lat' dir='ltr'><strong>derogaretur,</strong></span> 
     </span>
     <span class='ocr_line' id='line_1_21' title="bbox 223 2544 1320 2631; baseline 0 -23"><span class='ocrx_word' id='word_1_194' title='bbox 223 2565 290 2628; x_wconf 80' lang='lat' dir='ltr'><strong>qum</strong></span> <span class='ocrx_word' id='word_1_195' title='bbox 303 2545 433 2612; x_wconf 82' lang='lat' dir='ltr'><strong>alternis</strong></span> <span class='ocrx_word' id='word_1_196' title='bbox 446 2549 538 2611; x_wconf 79' lang='lat' dir='ltr'><strong>annis</strong></span> <span class='ocrx_word' id='word_1_197' title='bbox 560 2561 726 2630; x_wconf 82' lang='lat' dir='ltr'><strong>quaternos</strong></span> <span class='ocrx_word' id='word_1_198' title='bbox 737 2547 868 2630; x_wconf 84' lang='lat' dir='ltr'><strong>jubebat</strong></span> <span class='ocrx_word' id='word_1_199' title='bbox 879 2561 1031 2631; x_wconf 73' lang='lat' dir='ltr'><strong>pretores</strong></span> <span class='ocrx_word' id='word_1_200' title='bbox 1045 2549 1160 2611; x_wconf 83' lang='lat' dir='ltr'><strong>creari.</strong></span> <span class='ocrx_word' id='word_1_201' title='bbox 1185 2544 1320 2610; x_wconf 83' lang='lat' dir='ltr'><strong>Baebius</strong></span> 
     </span>
     <span class='ocr_line' id='line_1_22' title="bbox 223 2642 1318 2728; baseline 0.003 -23"><span class='ocrx_word' id='word_1_202' title='bbox 223 2646 258 2706; x_wconf 91' lang='lat' dir='ltr'><strong>in</strong></span> <span class='ocrx_word' id='word_1_203' title='bbox 271 2646 388 2708; x_wconf 86' lang='lat' dir='ltr'><strong>llistor.</strong></span> <span class='ocrx_word' id='word_1_204' title='bbox 404 2642 539 2728; x_wconf 88' lang='lat' dir='ltr'><strong>Jurispr.</strong></span> <span class='ocrx_word' id='word_1_205' title='bbox 558 2664 590 2726; x_wconf 87' lang='lat' dir='ltr'><strong>p.</strong></span> <span class='ocrx_word' id='word_1_206' title='bbox 610 2645 683 2722; x_wconf 82' lang='lat'><strong>150,</strong></span> <span class='ocrx_word' id='word_1_207' title='bbox 699 2645 771 2707; x_wconf 89' lang='lat' dir='ltr'><strong>huic</strong></span> <span class='ocrx_word' id='word_1_208' title='bbox 790 2642 931 2728; x_wconf 88' lang='lat' dir='ltr'><strong>opinioni</strong></span> <span class='ocrx_word' id='word_1_209' title='bbox 940 2645 1033 2710; x_wconf 83' lang='lat' dir='ltr'><strong>lavet.</strong></span> <span class='ocrx_word' id='word_1_210' title='bbox 1046 2646 1204 2710; x_wconf 84' lang='lat' dir='ltr'><strong>Ausonius</strong></span> <span class='ocrx_word' id='word_1_211' title='bbox 1217 2650 1318 2708; x_wconf 82' lang='lat' dir='ltr'><strong>autem</strong></span> 
     </span>
     <span class='ocr_line' id='line_1_23' title="bbox 223 2745 1317 2829; baseline 0.002 -23"><span class='ocrx_word' id='word_1_212' title='bbox 223 2746 339 2829; x_wconf 86' lang='lat' dir='ltr'><strong>Popma</strong></span> <span class='ocrx_word' id='word_1_213' title='bbox 352 2747 392 2809; x_wconf 84' lang='lat' dir='ltr'><strong>ed</strong></span> <span class='ocrx_word' id='word_1_214' title='bbox 410 2746 541 2810; x_wconf 70' lang='lat' dir='ltr'><strong>alteram</strong></span> <span class='ocrx_word' id='word_1_215' title='bbox 554 2746 655 2826; x_wconf 84' lang='lat' dir='ltr'><strong>legem</strong></span> <span class='ocrx_word' id='word_1_216' title='bbox 669 2746 803 2808; x_wconf 82' lang='lat' dir='ltr'><strong>Boebism</strong></span> <span class='ocrx_word' id='word_1_217' title='bbox 817 2747 937 2822; x_wconf 86' lang='lat' dir='ltr'><strong>retulit,</strong></span> <span class='ocrx_word' id='word_1_218' title='bbox 953 2767 1045 2828; x_wconf 84' lang='lat' dir='ltr'><strong>quam</strong></span> <span class='ocrx_word' id='word_1_219' title='bbox 1059 2748 1103 2808; x_wconf 90' lang='lat' dir='ltr'><strong>M.</strong></span> <span class='ocrx_word' id='word_1_220' title='bbox 1115 2745 1232 2808; x_wconf 84' lang='lat' dir='ltr'><strong>Baebius</strong></span> <span class='ocrx_word' id='word_1_221' title='bbox 1246 2765 1317 2809; x_wconf 90' lang='lat' dir='ltr'><strong>con·</strong></span> 
     </span>
     <span class='ocr_line' id='line_1_24' title="bbox 223 2840 1318 2925; baseline 0 -21"><span class='ocrx_word' id='word_1_222' title='bbox 223 2843 270 2904; x_wconf 91' lang='lat' dir='ltr'><strong>sul</strong></span> <span class='ocrx_word' id='word_1_223' title='bbox 283 2864 314 2907; x_wconf 85' lang='lat' dir='ltr'><strong>a.</strong></span> <span class='ocrx_word' id='word_1_224' title='bbox 331 2844 393 2907; x_wconf 78' lang='lat'><strong>572</strong></span> <span class='ocrx_word' id='word_1_225' title='bbox 408 2845 446 2908; x_wconf 87' lang='lat' dir='ltr'><strong>dc</strong></span> <span class='ocrx_word' id='word_1_226' title='bbox 459 2843 577 2906; x_wconf 84' lang='lat' dir='ltr'><strong>ambitu</strong></span> <span class='ocrx_word' id='word_1_227' title='bbox 592 2845 718 2906; x_wconf 87' lang='lat' dir='ltr'><strong>tulerat.</strong></span> <span class='ocrx_word' id='word_1_228' title='bbox 732 2843 779 2908; x_wconf 87' lang='lat' dir='ltr'><strong>Ex</strong></span> <span class='ocrx_word' id='word_1_229' title='bbox 792 2843 1036 2922; x_wconf 74' lang='lat' dir='ltr'><strong>fragmentorum</strong></span> <span class='ocrx_word' id='word_1_230' title='bbox 1050 2857 1231 2925; x_wconf 83' lang='lat' dir='ltr'><strong>argumento</strong></span> <span class='ocrx_word' id='word_1_231' title='bbox 1241 2840 1318 2907; x_wconf 91' lang='lat' dir='ltr'><strong>nihil</strong></span> 
     </span>
     <span class='ocr_line' id='line_1_25' title="bbox 224 2930 1297 3024; baseline -0.001 -22"><span class='ocrx_word' id='word_1_232' title='bbox 224 2938 304 3002; x_wconf 88' lang='lat' dir='ltr'><strong>certi</strong></span> <span class='ocrx_word' id='word_1_233' title='bbox 318 2939 432 3024; x_wconf 85' lang='lat' dir='ltr'><strong>conjici</strong></span> <span class='ocrx_word' id='word_1_234' title='bbox 450 2952 562 3024; x_wconf 84' lang='lat' dir='ltr'><strong>petest.</strong></span> <span class='ocrx_word' id='word_1_235' title='bbox 717 2947 719 2952; x_wconf 86' lang='lat'>&#39;</span> <span class='ocrx_word' id='word_1_236' title='bbox 803 2969 806 2976; x_wconf 78' lang='lat'><strong>,</strong></span> <span class='ocrx_word' id='word_1_237' title='bbox 1295 2930 1297 2934; x_wconf 69' lang='grc'><strong>’</strong></span> 
     </span>
    </p>

    <p class='ocr_par' dir='ltr' id='par_1_8' title="bbox 224 3033 1319 3212">
     <span class='ocr_line' id='line_1_26' title="bbox 265 3033 1319 3120; baseline 0.002 -24"><span class='ocrx_word' id='word_1_238' title='bbox 265 3037 384 3098; x_wconf 87' lang='lat' dir='ltr'><strong>Nonius</strong></span> <span class='ocrx_word' id='word_1_239' title='bbox 397 3056 430 3119; x_wconf 89' lang='lat' dir='ltr'><strong>p.</strong></span> <span class='ocrx_word' id='word_1_240' title='bbox 446 3035 521 3110; x_wconf 78' lang='lat'><strong>470,</strong></span> <span class='ocrx_word' id='word_1_241' title='bbox 534 3034 594 3097; x_wconf 79' lang='lat'><strong>22:</strong></span> <span class='ocrx_word' id='word_1_242' title='bbox 610 3033 709 3115; x_wconf 77' lang='lat' dir='ltr'><strong>Largi</strong></span> <span class='ocrx_word' id='word_1_243' title='bbox 721 3054 779 3117; x_wconf 88' lang='lat' dir='ltr'><strong>pro</strong></span> <span class='ocrx_word' id='word_1_244' title='bbox 789 3034 917 3116; x_wconf 77' lang='lat' dir='ltr'><strong>largire.</strong></span> <span class='ocrx_word' id='word_1_245' title='bbox 934 3036 1012 3102; x_wconf 87' lang='lat' dir='ltr'><strong>Cato</strong></span> <span class='ocrx_word' id='word_1_246' title='bbox 1022 3040 1109 3120; x_wconf 89' lang='lat' dir='ltr'><strong>Lege</strong></span> <span class='ocrx_word' id='word_1_247' title='bbox 1120 3037 1223 3102; x_wconf 83' lang='lat' dir='ltr'><strong>Baebia</strong></span> <span class='ocrx_word' id='word_1_248' title='bbox 1234 3059 1243 3100; x_wconf 77' lang='grc' dir='ltr'><strong><em>ε</em></strong></span> <span class='ocrx_word' id='word_1_249' title='bbox 1256 3037 1319 3098; x_wconf 87' lang='lat' dir='ltr'><strong>Pe·</strong></span> 
     </span>
     <span class='ocr_line' id='line_1_27' title="bbox 224 3131 591 3212; baseline 0.003 -21"><span class='ocrx_word' id='word_1_250' title='bbox 224 3136 346 3193; x_wconf 78' lang='lat' dir='ltr'><strong>cuniam</strong></span> <span class='ocrx_word' id='word_1_251' title='bbox 362 3132 514 3212; x_wconf 83' lang='lat' dir='ltr'><strong>inlargibo</strong></span> <span class='ocrx_word' id='word_1_252' title='bbox 526 3131 591 3192; x_wconf 85' lang='lat' dir='ltr'><strong>tibi.</strong></span> 
     </span>
    </p>

    <p class='ocr_par' dir='ltr' id='par_1_9' title="bbox 259 3267 980 3346">
     <span class='ocr_line' id='line_1_28' title="bbox 259 3267 980 3346; baseline 0.01 -26"><span class='ocrx_word' id='word_1_253' title='bbox 259 3267 411 3343; x_wconf 72' lang='lat' dir='ltr'><strong>Inlargtdo]</strong></span> <span class='ocrx_word' id='word_1_254' title='bbox 428 3269 541 3343; x_wconf 66' lang='lat' dir='ltr'><strong>t&#39;ttlargrc</strong></span> <span class='ocrx_word' id='word_1_255' title='bbox 552 3281 584 3322; x_wconf 81' lang='lat' dir='ltr'><strong>nt</strong></span> <span class='ocrx_word' id='word_1_256' title='bbox 599 3268 684 3342; x_wconf 80' lang='lat' dir='ltr'><strong>largio</strong></span> <span class='ocrx_word' id='word_1_257' title='bbox 692 3270 801 3342; x_wconf 80' lang='lat' dir='ltr'><strong>entique</strong></span> <span class='ocrx_word' id='word_1_258' title='bbox 813 3291 862 3345; x_wconf 84' lang='lat' dir='ltr'><strong>pro</strong></span> <span class='ocrx_word' id='word_1_259' title='bbox 872 3272 980 3346; x_wconf 69' lang='lat' dir='ltr'><strong>largior.</strong></span> 
     </span>
    </p>
   </div>
   <div class='ocr_carea' id='block_1_7' title="bbox 223 3392 1318 3686">
    <p class='ocr_par' dir='ltr' id='par_1_10' title="bbox 223 3392 1318 3686">
     <span class='ocr_line' id='line_1_29' title="bbox 264 3392 1318 3482; baseline 0.002 -26"><span class='ocrx_word' id='word_1_260' title='bbox 264 3395 388 3458; x_wconf 85' lang='lat' dir='ltr'><strong>Festus:</strong></span> <span class='ocrx_word' id='word_1_261' title='bbox 405 3395 513 3473; x_wconf 81' lang='lat' dir='ltr'><strong>Rogat,</strong></span> <span class='ocrx_word' id='word_1_262' title='bbox 527 3394 622 3458; x_wconf 87' lang='lat' dir='ltr'><strong>idest</strong></span> <span class='ocrx_word' id='word_1_263' title='bbox 637 3392 772 3458; x_wconf 81' lang='lat' dir='ltr'><strong>consulit</strong></span> <span class='ocrx_word' id='word_1_264' title='bbox 786 3397 942 3482; x_wconf 86' lang='lat' dir='ltr'><strong>populum,</strong></span> <span class='ocrx_word' id='word_1_265' title='bbox 964 3397 1015 3459; x_wconf 85' lang='lat' dir='ltr'><strong>vel</strong></span> <span class='ocrx_word' id='word_1_266' title='bbox 1028 3393 1109 3479; x_wconf 85' lang='lat' dir='ltr'><strong>petit</strong></span> <span class='ocrx_word' id='word_1_267' title='bbox 1124 3396 1227 3473; x_wconf 80' lang='lat' dir='ltr'><strong>abeo,</strong></span> <span class='ocrx_word' id='word_1_268' title='bbox 1245 3411 1280 3460; x_wconf 90' lang='lat' dir='ltr'><strong>ut</strong></span> <span class='ocrx_word' id='word_1_269' title='bbox 1290 3400 1318 3459; x_wconf 94' lang='lat' dir='ltr'><strong>id</strong></span> 
     </span>
     <span class='ocr_line' id='line_1_30' title="bbox 223 3491 1318 3580; baseline 0.005 -23"><span class='ocrx_word' id='word_1_270' title='bbox 223 3493 347 3573; x_wconf 82' lang='lat' dir='ltr'><strong>sciscat,</strong></span> <span class='ocrx_word' id='word_1_271' title='bbox 365 3495 588 3580; x_wconf 61' lang='lat' dir='ltr'><strong>quodsum...</strong></span> <span class='ocrx_word' id='word_1_272' title='bbox 607 3496 685 3560; x_wconf 83' lang='lat' dir='ltr'><strong>Cato</strong></span> <span class='ocrx_word' id='word_1_273' title='bbox 703 3494 738 3561; x_wconf 90' lang='lat' dir='ltr'><strong>in</strong></span> <span class='ocrx_word' id='word_1_274' title='bbox 752 3491 950 3574; x_wconf 88' lang='lat' dir='ltr'><strong>dissuasione,</strong></span> <span class='ocrx_word' id='word_1_275' title='bbox 969 3497 1070 3560; x_wconf 85' lang='lat' dir='ltr'><strong>nelex</strong></span> <span class='ocrx_word' id='word_1_276' title='bbox 1082 3496 1318 3580; x_wconf 83' lang='lat' dir='ltr'><strong>Baebiaderoga·</strong></span> 
     </span>
     <span class='ocr_line' id='line_1_31' title="bbox 223 3596 1003 3686; baseline 0 -28"><span class='ocrx_word' id='word_1_277' title='bbox 223 3608 323 3669; x_wconf 88' lang='lat' dir='ltr'><strong>retur,</strong></span> <span class='ocrx_word' id='word_1_278' title='bbox 342 3599 406 3660; x_wconf 74' lang='lat' dir='ltr'><strong>citt</strong></span> <span class='ocrx_word' id='word_1_279' title='bbox 422 3596 485 3658; x_wconf 86' lang='lat' dir='ltr'><strong>Hoc</strong></span> <span class='ocrx_word' id='word_1_280' title='bbox 498 3604 598 3678; x_wconf 78' lang='lat' dir='ltr'><strong>potius</strong></span> <span class='ocrx_word' id='word_1_281' title='bbox 613 3621 718 3680; x_wconf 85' lang='lat' dir='ltr'><strong>agam,</strong></span> <span class='ocrx_word' id='word_1_282' title='bbox 737 3601 819 3686; x_wconf 83' lang='lat' dir='ltr'><strong>qnod</strong></span> <span class='ocrx_word' id='word_1_283' title='bbox 827 3599 877 3661; x_wconf 80' lang='lat' dir='ltr'><strong>dic</strong></span> <span class='ocrx_word' id='word_1_284' title='bbox 891 3613 1003 3682; x_wconf 70' lang='lat' dir='ltr'><strong>rogae·</strong></span> 
     </span>
    </p>
   </div>
   <div class='ocr_carea' id='block_1_8' title="bbox 356 3804 1212 3881">
    <p class='ocr_par' dir='ltr' id='par_1_11' title="bbox 356 3804 1212 3881">
     <span class='ocr_line' id='line_1_32' title="bbox 356 3804 1212 3881; baseline -0.002 -11"><span class='ocrx_word' id='word_1_285' title='bbox 356 3831 359 3838; x_wconf 93' lang='lat'><em>·</em></span> <span class='ocrx_word' id='word_1_286' title='bbox 427 3804 480 3870; x_wconf 75' lang='lat' dir='ltr'><strong>ct.</strong></span> <span class='ocrx_word' id='word_1_287' title='bbox 503 3823 580 3870; x_wconf 71' lang='lat' dir='ltr'><strong>curo</strong></span> <span class='ocrx_word' id='word_1_288' title='bbox 603 3825 632 3866; x_wconf 83' lang='lat' dir='ltr'><strong>tn</strong></span> <span class='ocrx_word' id='word_1_289' title='bbox 656 3822 850 3867; x_wconf 70' lang='lat' dir='ltr'><strong>suesionum</strong></span> <span class='ocrx_word' id='word_1_290' title='bbox 874 3823 973 3870; x_wconf 80' lang='lat' dir='ltr'><strong>suern</strong></span> <span class='ocrx_word' id='word_1_291' title='bbox 996 3823 1116 3881; x_wconf 80' lang='lat' dir='ltr'><strong>norunt.</strong></span> <span class='ocrx_word' id='word_1_292' title='bbox 1208 3837 1212 3847; x_wconf 83' lang='grc'><strong><em>·</em></strong></span> 
     </span>
    </p>
   </div>
   <div class='ocr_carea' id='block_1_9' title="bbox 203 3993 1317 4180">
    <p class='ocr_par' dir='ltr' id='par_1_12' title="bbox 203 3993 1317 4180">
     <span class='ocr_line' id='line_1_33' title="bbox 203 3993 1317 4080; baseline 0.002 -22"><span class='ocrx_word' id='word_1_293' title='bbox 203 4025 212 4042; x_wconf 66' lang='lat'><em>1</em></span> <span class='ocrx_word' id='word_1_294' title='bbox 265 3993 418 4059; x_wconf 82' lang='lat' dir='ltr'><strong>Atrsonius</strong></span> <span class='ocrx_word' id='word_1_295' title='bbox 431 3998 546 4077; x_wconf 79' lang='lat' dir='ltr'><strong>Popma</strong></span> <span class='ocrx_word' id='word_1_296' title='bbox 556 3995 700 4056; x_wconf 82' lang='lat' dir='ltr'><strong>adnotat:</strong></span> <span class='ocrx_word' id='word_1_297' title='bbox 725 3995 820 4077; x_wconf 77' lang='lat' dir='ltr'><strong>«Quae</strong></span> <span class='ocrx_word' id='word_1_298' title='bbox 829 4008 875 4057; x_wconf 86' lang='lat' dir='ltr'><strong>est</strong></span> <span class='ocrx_word' id='word_1_299' title='bbox 888 3995 936 4059; x_wconf 86' lang='lat' dir='ltr'><strong>lex</strong></span> <span class='ocrx_word' id='word_1_300' title='bbox 948 3997 1054 4080; x_wconf 86' lang='lat' dir='ltr'><strong>populi</strong></span> <span class='ocrx_word' id='word_1_301' title='bbox 1064 3998 1079 4060; x_wconf 76' lang='lat' dir='ltr'><strong>P</strong></span> <span class='ocrx_word' id='word_1_302' title='bbox 1088 3998 1200 4080; x_wconf 88' lang='lat' dir='ltr'><strong>opinor</strong></span> <span class='ocrx_word' id='word_1_303' title='bbox 1210 3999 1317 4062; x_wconf 81' lang='lat' dir='ltr'><strong>Porcia</strong></span> 
     </span>
     <span class='ocr_line' id='line_1_34' title="bbox 223 4089 1316 4180; baseline 0.003 -24"><span class='ocrx_word' id='word_1_304' title='bbox 223 4113 281 4176; x_wconf 85' lang='lat' dir='ltr'><strong>pro</strong></span> <span class='ocrx_word' id='word_1_305' title='bbox 298 4097 448 4178; x_wconf 83' lang='lat' dir='ltr'><strong>scapulis,</strong></span> <span class='ocrx_word' id='word_1_306' title='bbox 472 4106 528 4176; x_wconf 83' lang='lat' dir='ltr'><strong>pro</strong></span> <span class='ocrx_word' id='word_1_307' title='bbox 549 4105 634 4172; x_wconf 84' lang='lat' dir='ltr'><strong>tergo</strong></span> <span class='ocrx_word' id='word_1_308' title='bbox 666 4089 780 4158; x_wconf 88' lang='lat' dir='ltr'><strong>civium</strong></span> <span class='ocrx_word' id='word_1_309' title='bbox 798 4095 899 4160; x_wconf 80' lang='lat' dir='ltr'><strong>lata.»</strong></span> <span class='ocrx_word' id='word_1_310' title='bbox 926 4097 1088 4168; x_wconf 77' lang='lat' dir='ltr'><strong>Consentis</strong></span> <span class='ocrx_word' id='word_1_311' title='bbox 1115 4118 1183 4160; x_wconf 86' lang='lat' dir='ltr'><strong>curn</strong></span> <span class='ocrx_word' id='word_1_312' title='bbox 1207 4102 1316 4180; x_wconf 82' lang='lat' dir='ltr'><strong>Popme</strong></span> 
     </span>
    </p>
   </div>
   <div class='ocr_carea' id='block_1_10' title="bbox 0 0 1457 4838">
    <p class='ocr_par' dir='ltr' id='par_1_13' title="bbox 0 0 1457 4838">
     <span class='ocr_line' id='line_1_35' title="bbox 0 0 1457 4838; baseline 0 0"><span class='ocrx_word' id='word_1_313' title='bbox 0 0 1457 4838; x_wconf 95' lang='lat' dir='ltr'><strong> </strong></span> 
     </span>
    </p>
   </div>
  </div>
 </body>
</html>
