2954 4840
659 310 729 408 aas

184 525 325 597 improbata
335 527 460 589 censam]
470 521 559 576 eedem
569 521 735 594 significatur
747 520 840 586 oratio,
856 519 889 574 dc
900 537 952 592 qua
965 535 1046 592 supra
1054 519 1102 584 W,
1118 519 1151 573 ii
1164 507 1191 574 et
1207 523 1239 575 ts

220 613 384 666 mutescat.
399 611 486 676 [Etim
499 610 547 663 hac
558 610 622 682 dicti
633 608 744 679 aliquae
754 609 812 662 cod.
825 608 993 675 emendata]
1106 625 1109 634 ·

189 733 309 820 Symm.
325 730 469 797 Neoterio
489 732 544 815 (V,
561 731 645 808 tat:
667 729 914 804 Oratiunculam,
942 749 1033 814 quam
1057 715 1202 820 proxime
1210 731 1244 791 in

147 843 257 896 senatu
268 828 376 906 habui,
393 831 433 894 ad
451 843 481 893 te
496 827 578 906 misi,
601 831 638 890 de
655 849 714 911 qua
737 829 893 894 dominum
918 849 1020 897 rneum
1037 827 1168 890 fratrem
1193 847 1246 888 no·

149 939 247 993 strum
261 927 443 1012 ¹carterium
465 943 567 991 tecum
591 929 683 1010 plene
704 927 842 990 arbitror
858 927 1051 992 collocutum.
1074 925 1155 1010 Nam
1168 927 1245 1010 peti·

150 1027 228 1090 honi
244 1039 357 1089 nostre
370 1027 492 1089 auditor
506 1022 660 1088 interfuit.
674 1025 714 1088 Et
726 1022 866 1106 quamvis
880 1025 971 1091 totius
984 1020 1103 1086 ordinis
1113 1023 1247 1086 secunda

152 1125 297 1208 suttagia
312 1127 430 1212 cepisse
445 1129 616 1203 videamur,
633 1124 667 1189 in
682 1141 712 1188 te
726 1127 789 1190 nno
801 1141 906 1190 tamen
919 1145 1068 1190 summam
1081 1126 1249 1188 testimonii

155 1231 350 1293 collocamus.
518 1239 520 1246 ’

157 1353 161 1362 ’
188 1337 570 1451 οναιιιιικιιὶαιιμιιιιίοιιιιιι,
586 1383 645 1438 quc
662 1376 821 1436 auant-pro
839 1363 960 1436 synesio,
979 1360 1179 1434 intelligendam
1192 1377 1251 1413 esse

226 1459 377 1532 suspicatur
385 1457 481 1510 Maius.

197 1583 316 1668 Syram.
333 1579 432 1649 Decio
446 1582 534 1666 (vlt,
554 1585 593 1646 58
603 1584 634 1668 >a
657 1586 743 1644 lhtas
756 1578 965 1646 oratiunculas
978 1597 1061 1640 meas
1076 1595 1176 1658 nuper
1189 1575 1251 1641 cdi·

157 1696 207 1748 tas
222 1683 263 1748 ad
286 1680 422 1747 illustres
435 1683 519 1744 viros
537 1685 688 1760 virtutum
700 1693 733 1744 et
746 1677 907 1744 literarum
921 1677 1095 1738 sacerdotio
1110 1675 1253 1757 preditos

159 1781 342 1847 Falcone
359 1779 546 1842 Minervium
565 1780 643 1858 rpisi.
661 1781 776 1842 Herum
795 1778 888 1842 etiam
899 1789 943 1849 te,
960 1787 997 1835 ut
1010 1771 1250 1846 amantem’mei‚

158 1898 186 1944 st
176 1873 554 1956 mediacrihueiugeniis
565 1897 628 1942 uon
638 1874 816 1948 offenderis,
828 1887 900 1958 opto
918 1874 1156 1936 esseleetorem.

195 2014 367 2082 naumann]
381 2012 440 2066 vide
456 2030 536 2086 supra
549 2011 593 2078 lv
610 2013 660 2065 tt.
753 2019 756 2028 “
868 2017 872 2080 j
980 2015 982 2022 ¹
1128 2009 1142 2038 θ

203 2107 400 2205 Cassiodorus
425 2140 505 2209 iiist.
528 2141 666 2226 Tripart
692 2160 735 2214 ιι,
766 2162 794 2211 ι,
821 2140 884 2202 23·
912 2119 1113 2222 symmachus
1132 2135 1256 2217 scripsit

162 2243 299 2302 Maximi
314 2241 434 2301 landem
455 2261 582 2332 eumque
595 2241 750 2318 recitarit,
773 2242 858 2322 uude
876 2254 982 2323 postea
995 2260 1067 2322 raus
1080 2257 1146 2303 esse
1159 2237 1252 2318 majc·

162 2341 251 2403 stati's
265 2339 439 2402 videbatur.
453 2325 663 2423 Quamobrem
673 2353 804 2402 mortem
817 2353 956 2402 metuens
970 2339 1107 2418 confugit
1117 2341 1150 2400 in
1162 2337 1261 2402 eccle·

162 2439 251 2502 siam.
270 2443 385 2504 Verum
406 2441 576 2522 imperator
591 2436 821 2522 (Theodosius)
848 2460 918 2502 cum
932 2451 1012 2500 esset
1032 2437 1260 2522 perfectissime

164 2535 410 2615 christianitatis,
426 2538 642 2622 Symmachum
653 2537 785 2600 ahsolvit
799 2534 969 2600 acrimiue'.
987 2537 1124 2619 Cumque
1136 2535 1258 2598 veniam

164 2637 328 2712 meruisset
345 2638 556 2724 Symmachus,
586 2636 830 2720 Apologeticum,
850 2633 883 2697 id
907 2649 965 2709 est,
990 2634 1259 2698 satisfactionalem
1284 2625 1353 2700 ‘276

164 2737 277 2800 librum
291 2740 331 2800 ad
346 2739 551 2802 Theodosium
565 2735 752 2818 conscripsit
765 2739 995 2818 imperatorem.

200 2873 317 2927 Mancini
325 2874 441 2942 huden]
460 2874 502 2926 De
521 2875 570 2928 hoc
588 2874 771 2946 Panegyrico
765 2893 793 2925 ιιι
812 2885 955 2944 tyrannum
967 2871 1130 2922 Maximum
1123 2889 1152 2922 ιιι
1172 2872 1258 2942 Epist.

236 2964 741 3034 11,³t,toquitur;arqueV111‚ts·
763 2957 1260 3031 Unumquippeltccle'terarnmgenus

238 3059 354 3116 superest
358 3053 422 3116 post
437 3065 537 3098 amaros
547 3065 623 3100 casus
635 3045 777 3098 orationum
789 3059 910 3104 mea-um
925 3040 995 3111 quad
1006 3059 1044 3093 me
1056 3039 1094 3092 ad
1103 3057 1179 3091 urunt
1196 3040 1259 3092 seri·

149 3178 154 3189 ,
237 3127 312 3182 dendt'
314 3129 398 3198 possit
407 3129 519 3182 allicere.

211 3254 437 3338 Panegyricum
458 3255 628 3336 composuit
646 3251 809 3315 Theodosii
823 3249 965 3322 senioris,
992 3260 1027 3308 ut
1046 3248 1080 3310 in
1096 3249 1192 3330 Epist.
1215 3251 1258 3325 11,

173 3360 223 3434 ts,
239 3353 406 3422 iudicarit:
426 3353 614 3418 cameratas
626 3368 657 3414 et
671 3353 794 3414 bellicas
807 3351 911 3410 laudes
923 3352 1047 3410 Domini
1056 3353 1152 3408 nostri
1165 3349 1260 3410 Theo·

170 3457 251 3515 dosii
265 3455 325 3514 stili
339 3452 453 3515 honera
463 3472 675 3532 percurrerem
688 3455 803 3531 (magis
811 3454 895 3510 enim
908 3452 1068 3528 cornigisse
1079 3467 1129 3508 me
1142 3454 1260 3522 omnia,

168 3575 261 3642 qnam
280 3545 466 3634 satisfecis'se
486 3553 612 3634 singulis
619 3555 765 3632 fiateor),
791 3556 887 3612 etiam
902 3551 984 3631 leges
996 3545 1064 3632 eyes
1078 3549 1165 3610 bonis
1174 3555 1263 3630 pacis

171 3657 332 3716 admiscui,

214 3753 322 3815 Restat
334 3757 430 3812 oratio
449 3767 554 3813 contra
576 3749 743 3830 Gildonem
757 3749 860 3810 habita
878 3755 911 3809 in
926 3765 1040 3824 senatu,
1055 3750 1093 3811 de
1114 3768 1175 3833 qua
1188 3745 1265 3809 dicit

172 3853 226 3924 Ν,
242 3850 262 3911 4
278 3871 288 3911 t
305 3850 429 3930 Ingenti
448 3869 550 3908 caasoe
564 3849 676 3909 ᾰονοιίι
694 3852 847 3907 sententiis
866 3850 1081 3929 satisfecimus.
1100 3846 1211 3906 Veniet
1233 3850 1264 3902 in

174 3973 282 4012 manas
295 3967 362 4011 tuas
376 3951 453 4036 qaid
462 3952 730 4028 pronuntiaverim.
