<?xml version="1.0" encoding="UTF-8"?>
<!DOCTYPE html PUBLIC "-//W3C//DTD XHTML 1.0 Transitional//EN"
    "http://www.w3.org/TR/xhtml1/DTD/xhtml1-transitional.dtd">
<html xmlns="http://www.w3.org/1999/xhtml" xml:lang="en" lang="en">
 <head>
  <title>
</title>
<meta http-equiv="Content-Type" content="text/html;charset=utf-8" />
  <meta name='ocr-system' content='tesseract 3.04.00' />
  <meta name='ocr-capabilities' content='ocr_page ocr_carea ocr_par ocr_line ocrx_word'/>
</head>
<body>
  <div class='ocr_page' id='page_1' title='image "./oratorumromanor00meyegoog_0135.png"; bbox 0 0 2904 4840; ppageno 0'>
   <div class='ocr_carea' id='block_1_1' title="bbox 547 375 678 450">
    <p class='ocr_par' dir='ltr' id='par_1_1' title="bbox 547 375 678 450">
     <span class='ocr_line' id='line_1_1' title="bbox 547 375 678 450; baseline 0.046 -6"><span class='ocrx_word' id='word_1_1' title='bbox 547 401 549 408; x_wconf 94' lang='lat'>·</span> <span class='ocrx_word' id='word_1_2' title='bbox 614 375 678 450; x_wconf 87' lang='lat'>109</span> 
     </span>
    </p>
   </div>
   <div class='ocr_carea' id='block_1_2' title="bbox 1 506 1196 1179">
    <p class='ocr_par' dir='ltr' id='par_1_2' title="bbox 1 506 1194 802">
     <span class='ocr_line' id='line_1_2' title="bbox 93 506 1192 598; baseline 0.004 -22"><span class='ocrx_word' id='word_1_3' title='bbox 93 506 234 588; x_wconf 87' lang='lat' dir='ltr'>omnium</span> <span class='ocrx_word' id='word_1_4' title='bbox 242 515 453 578; x_wconf 87' lang='lat' dir='ltr'>Romanorum</span> <span class='ocrx_word' id='word_1_5' title='bbox 475 514 696 592; x_wconf 74' lang='lat' dir='ltr'>disertissimis,</span> <span class='ocrx_word' id='word_1_6' title='bbox 708 518 954 598; x_wconf 82' lang='lat' dir='ltr'>haudquaquam</span> <span class='ocrx_word' id='word_1_7' title='bbox 968 514 1113 596; x_wconf 86' lang='lat' dir='ltr'>eloquens</span> <span class='ocrx_word' id='word_1_8' title='bbox 1125 535 1192 580; x_wconf 87' lang='lat' dir='ltr'>esse</span> 
     </span>
     <span class='ocr_line' id='line_1_3' title="bbox 1 607 1194 706; baseline 0.006 -37"><span class='ocrx_word' id='word_1_9' title='bbox 1 677 2 706; x_wconf 24' lang='grc'>1</span> <span class='ocrx_word' id='word_1_10' title='bbox 92 607 230 683; x_wconf 79' lang='lat' dir='ltr'>videtur,</span> <span class='ocrx_word' id='word_1_11' title='bbox 245 623 278 671; x_wconf 90' lang='lat' dir='ltr'>et</span> <span class='ocrx_word' id='word_1_12' title='bbox 288 613 495 675; x_wconf 88' lang='lat' dir='ltr'>tameumulto</span> <span class='ocrx_word' id='word_1_13' title='bbox 509 613 618 678; x_wconf 88' lang='lat' dir='ltr'>melius</span> <span class='ocrx_word' id='word_1_14' title='bbox 631 634 724 697; x_wconf 86' lang='lat' dir='ltr'>quatu</span> <span class='ocrx_word' id='word_1_15' title='bbox 734 615 781 678; x_wconf 91' lang='lat' dir='ltr'>illi</span> <span class='ocrx_word' id='word_1_16' title='bbox 796 617 834 679; x_wconf 92' lang='lat' dir='ltr'>de</span> <span class='ocrx_word' id='word_1_17' title='bbox 842 612 1005 699; x_wconf 84' lang='lat' dir='ltr'>republica</span> <span class='ocrx_word' id='word_1_18' title='bbox 1019 612 1141 688; x_wconf 86' lang='lat' dir='ltr'>meruit,</span> <span class='ocrx_word' id='word_1_19' title='bbox 1159 627 1194 676; x_wconf 89' lang='lat' dir='ltr'>ut</span> 
     </span>
     <span class='ocr_line' id='line_1_4' title="bbox 93 700 1122 796; baseline 0.009 -31.179"><span class='ocrx_word' id='word_1_20' title='bbox 93 700 211 769; x_wconf 85' lang='lat' dir='ltr'>Cicero</span> <span class='ocrx_word' id='word_1_21' title='bbox 225 707 259 769; x_wconf 91' lang='lat' dir='ltr'>iu</span> <span class='ocrx_word' id='word_1_22' title='bbox 274 709 446 790; x_wconf 87' lang='lat' dir='ltr'>posteriora</span> <span class='ocrx_word' id='word_1_23' title='bbox 463 711 532 778; x_wconf 90' lang='lat' dir='ltr'>loco</span> <span class='ocrx_word' id='word_1_24' title='bbox 547 713 595 774; x_wconf 90' lang='lat' dir='ltr'>De</span> <span class='ocrx_word' id='word_1_25' title='bbox 609 725 734 776; x_wconf 87' lang='lat' dir='ltr'>oratore</span> <span class='ocrx_word' id='word_1_26' title='bbox 748 714 884 796; x_wconf 89' lang='lat' dir='ltr'>probare</span> <span class='ocrx_word' id='word_1_27' title='bbox 898 711 1025 778; x_wconf 82' lang='lat' dir='ltr'>studuit.</span> <span class='ocrx_word' id='word_1_28' title='bbox 1120 755 1122 764; x_wconf 57' lang='lat'><strong>.</strong></span> 
     </span>
    </p>

    <p class='ocr_par' dir='ltr' id='par_1_3' title="bbox 1 799 1196 1179">
     <span class='ocr_line' id='line_1_5' title="bbox 1 799 1193 886; baseline 0.002 -24"><span class='ocrx_word' id='word_1_29' title='bbox 1 871 2 886; x_wconf 12' lang='grc' dir='ltr'>χ</span> <span class='ocrx_word' id='word_1_30' title='bbox 138 799 197 866; x_wconf 88' lang='lat' dir='ltr'>Cic</span> <span class='ocrx_word' id='word_1_31' title='bbox 212 805 260 865; x_wconf 91' lang='lat' dir='ltr'>De</span> <span class='ocrx_word' id='word_1_32' title='bbox 275 804 357 868; x_wconf 87' lang='lat' dir='ltr'>offic.</span> <span class='ocrx_word' id='word_1_33' title='bbox 373 807 416 882; x_wconf 91' lang='lat'>11,</span> <span class='ocrx_word' id='word_1_34' title='bbox 436 807 495 870; x_wconf 81' lang='lat'>12:</span> <span class='ocrx_word' id='word_1_35' title='bbox 512 805 561 870; x_wconf 82' lang='lat' dir='ltr'>ri.</span> <span class='ocrx_word' id='word_1_36' title='bbox 578 810 739 876; x_wconf 79' lang='lat' dir='ltr'>Gracchus</span> <span class='ocrx_word' id='word_1_37' title='bbox 752 813 789 873; x_wconf 91' lang='lat' dir='ltr'>P.</span> <span class='ocrx_word' id='word_1_38' title='bbox 809 812 846 872; x_wconf 86' lang='lat' dir='ltr'>F.</span> <span class='ocrx_word' id='word_1_39' title='bbox 862 807 980 872; x_wconf 90' lang='lat' dir='ltr'>tamdiu</span> <span class='ocrx_word' id='word_1_40' title='bbox 995 802 1193 874; x_wconf 78' lang='lat' dir='ltr'>laudabitur,</span> 
     </span>
     <span class='ocr_line' id='line_1_6' title="bbox 1 899 1193 987; baseline 0.02 -29"><span class='ocrx_word' id='word_1_41' title='bbox 1 901 2 908; x_wconf 76' lang='grc'>’</span> <span class='ocrx_word' id='word_1_42' title='bbox 94 899 171 961; x_wconf 90' lang='lat' dir='ltr'>dum</span> <span class='ocrx_word' id='word_1_43' title='bbox 184 903 332 966; x_wconf 88' lang='lat' dir='ltr'>memoria</span> <span class='ocrx_word' id='word_1_44' title='bbox 349 925 453 972; x_wconf 88' lang='lat' dir='ltr'>rerum</span> <span class='ocrx_word' id='word_1_45' title='bbox 467 907 678 974; x_wconf 85' lang='lat' dir='ltr'>Romanarum</span> <span class='ocrx_word' id='word_1_46' title='bbox 692 908 845 972; x_wconf 88' lang='lat' dir='ltr'>manebit.</span> <span class='ocrx_word' id='word_1_47' title='bbox 861 910 904 969; x_wconf 82' lang='lat' dir='ltr'>At</span> <span class='ocrx_word' id='word_1_48' title='bbox 924 905 991 987; x_wconf 87' lang='lat' dir='ltr'>ejus</span> <span class='ocrx_word' id='word_1_49' title='bbox 1003 902 1079 980; x_wconf 80' lang='lat' dir='ltr'>filii,</span> <span class='ocrx_word' id='word_1_50' title='bbox 1100 901 1193 964; x_wconf 65' lang='lat' dir='ltr'>Tibe·</span> 
     </span>
     <span class='ocr_line' id='line_1_7' title="bbox 92 993 1196 1084; baseline 0.004 -28"><span class='ocrx_word' id='word_1_51' title='bbox 92 993 163 1058; x_wconf 88' lang='lat' dir='ltr'>rius</span> <span class='ocrx_word' id='word_1_52' title='bbox 177 1010 208 1061; x_wconf 93' lang='lat' dir='ltr'>et</span> <span class='ocrx_word' id='word_1_53' title='bbox 223 998 326 1076; x_wconf 84' lang='lat' dir='ltr'>Caius,</span> <span class='ocrx_word' id='word_1_54' title='bbox 343 1023 401 1064; x_wconf 88' lang='lat' dir='ltr'>neo</span> <span class='ocrx_word' id='word_1_55' title='bbox 421 999 487 1066; x_wconf 84' lang='lat' dir='ltr'>vivi</span> <span class='ocrx_word' id='word_1_56' title='bbox 501 1003 716 1084; x_wconf 83' lang='lat' dir='ltr'>probabantur</span> <span class='ocrx_word' id='word_1_57' title='bbox 740 1002 843 1076; x_wconf 88' lang='lat' dir='ltr'>bouis,</span> <span class='ocrx_word' id='word_1_58' title='bbox 860 1017 892 1066; x_wconf 91' lang='lat' dir='ltr'>et</span> <span class='ocrx_word' id='word_1_59' title='bbox 904 1003 1019 1067; x_wconf 89' lang='lat' dir='ltr'>mortui</span> <span class='ocrx_word' id='word_1_60' title='bbox 1032 1019 1196 1065; x_wconf 90' lang='lat' dir='ltr'>numerum</span> 
     </span>
     <span class='ocr_line' id='line_1_8' title="bbox 1 1090 499 1179; baseline 0.014 -27"><span class='ocrx_word' id='word_1_61' title='bbox 1 1155 2 1178; x_wconf 14' lang='lat' dir='ltr'>p</span> <span class='ocrx_word' id='word_1_62' title='bbox 92 1090 242 1158; x_wconf 86' lang='lat' dir='ltr'>obtinent</span> <span class='ocrx_word' id='word_1_63' title='bbox 253 1095 324 1179; x_wconf 85' lang='lat' dir='ltr'>jure</span> <span class='ocrx_word' id='word_1_64' title='bbox 340 1117 499 1162; x_wconf 71' lang='lat' dir='ltr'>cesorum.</span> 
     </span>
    </p>
   </div>
   <div class='ocr_carea' id='block_1_3' title="bbox 245 1237 1045 1349">
    <p class='ocr_par' dir='ltr' id='par_1_4' title="bbox 245 1237 1045 1349">
     <span class='ocr_line' id='line_1_9' title="bbox 245 1237 1045 1349; baseline 0.004 -31"><span class='ocrx_word' id='word_1_65' title='bbox 245 1248 309 1318; x_wconf 92' lang='lat' dir='ltr'>lV.</span> <span class='ocrx_word' id='word_1_66' title='bbox 336 1249 377 1318; x_wconf 91' lang='grc' dir='ltr'>Ρ.</span> <span class='ocrx_word' id='word_1_67' title='bbox 401 1247 550 1324; x_wconf 89' lang='lat' dir='ltr'>Cornel.</span> <span class='ocrx_word' id='word_1_68' title='bbox 566 1252 690 1349; x_wconf 88' lang='lat' dir='ltr'>Scipio</span> <span class='ocrx_word' id='word_1_69' title='bbox 703 1250 902 1324; x_wconf 84' lang='lat' dir='ltr'>Africanus</span> <span class='ocrx_word' id='word_1_70' title='bbox 916 1237 1045 1348; x_wconf 87' lang='lat' dir='ltr'>major.</span> 
     </span>
    </p>
   </div>
   <div class='ocr_carea' id='block_1_4' title="bbox 136 1399 1197 1488">
    <p class='ocr_par' dir='ltr' id='par_1_5' title="bbox 136 1399 1197 1488">
     <span class='ocr_line' id='line_1_10' title="bbox 136 1399 1197 1488; baseline 0.003 -28"><span class='ocrx_word' id='word_1_71' title='bbox 136 1399 291 1488; x_wconf 88' lang='lat' dir='ltr'>Quamvis</span> <span class='ocrx_word' id='word_1_72' title='bbox 310 1401 351 1464; x_wconf 90' lang='lat' dir='ltr'>sit</span> <span class='ocrx_word' id='word_1_73' title='bbox 364 1401 550 1477; x_wconf 74' lang='lat' dir='ltr'>verisimile,</span> <span class='ocrx_word' id='word_1_74' title='bbox 570 1403 650 1466; x_wconf 90' lang='lat' dir='ltr'>nihil</span> <span class='ocrx_word' id='word_1_75' title='bbox 670 1405 820 1488; x_wconf 87' lang='lat' dir='ltr'>scriptum</span> <span class='ocrx_word' id='word_1_76' title='bbox 841 1404 1002 1486; x_wconf 83' lang='lat' dir='ltr'>reliquisse</span> <span class='ocrx_word' id='word_1_77' title='bbox 1021 1402 1197 1485; x_wconf 88' lang='lat' dir='ltr'>Scipionem</span> 
     </span>
    </p>
   </div>
   <div class='ocr_carea' id='block_1_5' title="bbox 89 1496 1302 1585">
    <p class='ocr_par' dir='ltr' id='par_1_6' title="bbox 89 1496 1302 1585">
     <span class='ocr_line' id='line_1_11' title="bbox 89 1496 1302 1585; baseline 0 -23"><span class='ocrx_word' id='word_1_78' title='bbox 89 1496 300 1582; x_wconf 81' lang='lat' dir='ltr'>superiorem,</span> <span class='ocrx_word' id='word_1_79' title='bbox 325 1517 388 1564; x_wconf 89' lang='lat' dir='ltr'>non</span> <span class='ocrx_word' id='word_1_80' title='bbox 403 1500 492 1562; x_wconf 85' lang='lat' dir='ltr'>omisi</span> <span class='ocrx_word' id='word_1_81' title='bbox 506 1503 586 1576; x_wconf 85' lang='lat' dir='ltr'>eum,</span> <span class='ocrx_word' id='word_1_82' title='bbox 618 1501 689 1582; x_wconf 90' lang='lat' dir='ltr'>quia</span> <span class='ocrx_word' id='word_1_83' title='bbox 709 1503 893 1566; x_wconf 77' lang='lat' dir='ltr'>ferebantur</span> <span class='ocrx_word' id='word_1_84' title='bbox 908 1501 964 1566; x_wconf 90' lang='lat' dir='ltr'>sub</span> <span class='ocrx_word' id='word_1_85' title='bbox 986 1502 1052 1585; x_wconf 89' lang='lat' dir='ltr'>ejus</span> <span class='ocrx_word' id='word_1_86' title='bbox 1071 1499 1197 1564; x_wconf 87' lang='lat' dir='ltr'>nomiae</span> <span class='ocrx_word' id='word_1_87' title='bbox 1295 1561 1302 1576; x_wconf 74' lang='grc'>,</span> 
     </span>
    </p>
   </div>
   <div class='ocr_carea' id='block_1_6' title="bbox 91 1596 1204 3566">
    <p class='ocr_par' dir='ltr' id='par_1_7' title="bbox 91 1596 845 1689">
     <span class='ocr_line' id='line_1_12' title="bbox 91 1596 845 1689; baseline 0.012 -31"><span class='ocrx_word' id='word_1_88' title='bbox 91 1597 215 1678; x_wconf 85' lang='lat' dir='ltr'>aliquot</span> <span class='ocrx_word' id='word_1_89' title='bbox 232 1599 400 1680; x_wconf 85' lang='lat' dir='ltr'>orationes.</span> <span class='ocrx_word' id='word_1_90' title='bbox 422 1596 506 1689; x_wconf 87' lang='lat' dir='ltr'>[Cos.</span> <span class='ocrx_word' id='word_1_91' title='bbox 523 1622 552 1664; x_wconf 92' lang='lat' dir='ltr'>a.</span> <span class='ocrx_word' id='word_1_92' title='bbox 569 1605 610 1670; x_wconf 91' lang='lat' dir='ltr'>U.</span> <span class='ocrx_word' id='word_1_93' title='bbox 631 1597 845 1688; x_wconf 67' lang='lat' dir='ltr'>elaeatae]</span> 
     </span>
    </p>

    <p class='ocr_par' dir='ltr' id='par_1_8' title="bbox 95 1699 1195 1970">
     <span class='ocr_line' id='line_1_13' title="bbox 139 1699 1195 1787; baseline 0 -25"><span class='ocrx_word' id='word_1_94' title='bbox 139 1699 253 1762; x_wconf 86' lang='lat' dir='ltr'>Cicero</span> <span class='ocrx_word' id='word_1_95' title='bbox 272 1702 319 1762; x_wconf 90' lang='lat' dir='ltr'>De</span> <span class='ocrx_word' id='word_1_96' title='bbox 336 1700 419 1762; x_wconf 87' lang='lat' dir='ltr'>offic.</span> <span class='ocrx_word' id='word_1_97' title='bbox 438 1703 493 1777; x_wconf 92' lang='lat' dir='ltr'>lll,</span> <span class='ocrx_word' id='word_1_98' title='bbox 513 1703 526 1763; x_wconf 94' lang='lat'>1</span> <span class='ocrx_word' id='word_1_99' title='bbox 548 1704 664 1766; x_wconf 88' lang='lat' dir='ltr'>:Nulla</span> <span class='ocrx_word' id='word_1_100' title='bbox 678 1700 934 1787; x_wconf 82' lang='lat' dir='ltr'>ejus(Alricani)</span> <span class='ocrx_word' id='word_1_101' title='bbox 955 1700 1072 1781; x_wconf 80' lang='lat' dir='ltr'>ingenii</span> <span class='ocrx_word' id='word_1_102' title='bbox 1087 1721 1195 1763; x_wconf 90' lang='lat' dir='ltr'>mouu-</span> 
     </span>
     <span class='ocr_line' id='line_1_14' title="bbox 95 1797 1195 1885; baseline -0.001 -25"><span class='ocrx_word' id='word_1_103' title='bbox 95 1809 205 1862; x_wconf 90' lang='lat' dir='ltr'>meuta</span> <span class='ocrx_word' id='word_1_104' title='bbox 216 1800 362 1866; x_wconf 83' lang='lat' dir='ltr'>mandata</span> <span class='ocrx_word' id='word_1_105' title='bbox 372 1797 500 1880; x_wconf 87' lang='lat' dir='ltr'>litteris,</span> <span class='ocrx_word' id='word_1_106' title='bbox 517 1802 634 1866; x_wconf 82' lang='lat' dir='ltr'>nudum</span> <span class='ocrx_word' id='word_1_107' title='bbox 647 1822 723 1885; x_wconf 90' lang='lat' dir='ltr'>opus</span> <span class='ocrx_word' id='word_1_108' title='bbox 733 1800 801 1876; x_wconf 88' lang='lat' dir='ltr'>otii,</span> <span class='ocrx_word' id='word_1_109' title='bbox 814 1801 933 1864; x_wconf 80' lang='lat' dir='ltr'>nullum</span> <span class='ocrx_word' id='word_1_110' title='bbox 945 1797 1119 1863; x_wconf 79' lang='lat' dir='ltr'>solitudinis</span> <span class='ocrx_word' id='word_1_111' title='bbox 1132 1819 1195 1862; x_wconf 89' lang='lat' dir='ltr'>mu·</span> 
     </span>
     <span class='ocr_line' id='line_1_15' title="bbox 97 1911 434 1970; baseline -0.003 -9"><span class='ocrx_word' id='word_1_112' title='bbox 97 1911 287 1963; x_wconf 85' lang='lat' dir='ltr'>nuseustat.¹</span> <span class='ocrx_word' id='word_1_113' title='bbox 402 1965 405 1970; x_wconf 62' lang='grc'>,</span> <span class='ocrx_word' id='word_1_114' title='bbox 431 1913 434 1923; x_wconf 89' lang='grc'><strong><em>·</em></strong></span> 
     </span>
    </p>

    <p class='ocr_par' dir='ltr' id='par_1_9' title="bbox 96 1996 1195 2179">
     <span class='ocr_line' id='line_1_16' title="bbox 140 1996 1195 2080; baseline -0.002 -22"><span class='ocrx_word' id='word_1_115' title='bbox 140 1998 314 2060; x_wconf 82' lang='lat' dir='ltr'>Ferebatur</span> <span class='ocrx_word' id='word_1_116' title='bbox 332 2004 428 2060; x_wconf 84' lang='lat' dir='ltr'>oratio</span> <span class='ocrx_word' id='word_1_117' title='bbox 452 2000 494 2060; x_wconf 89' lang='grc' dir='ltr'>Ρ.</span> <span class='ocrx_word' id='word_1_118' title='bbox 514 2001 665 2080; x_wconf 72' lang='lat' dir='ltr'>Scipionis</span> <span class='ocrx_word' id='word_1_119' title='bbox 698 2004 845 2063; x_wconf 65' lang='lat' dir='ltr'>adarersus</span> <span class='ocrx_word' id='word_1_120' title='bbox 867 2001 917 2060; x_wconf 88' lang='lat' dir='ltr'>M.</span> <span class='ocrx_word' id='word_1_121' title='bbox 941 1999 1085 2060; x_wconf 69' lang='lat' dir='ltr'>Naevium</span> <span class='ocrx_word' id='word_1_122' title='bbox 1109 1996 1195 2056; x_wconf 81' lang='lat' dir='ltr'>Trib.</span> 
     </span>
     <span class='ocr_line' id='line_1_17' title="bbox 96 2097 465 2179; baseline 0.005 -19"><span class='ocrx_word' id='word_1_123' title='bbox 96 2101 158 2179; x_wconf 82' lang='lat' dir='ltr'>pL,</span> <span class='ocrx_word' id='word_1_124' title='bbox 175 2119 258 2164; x_wconf 91' lang='lat' dir='ltr'>auno</span> <span class='ocrx_word' id='word_1_125' title='bbox 274 2097 465 2166; x_wconf 69' lang='lat' dir='ltr'>resumite.</span> 
     </span>
    </p>

    <p class='ocr_par' dir='ltr' id='par_1_10' title="bbox 99 2190 1204 3566">
     <span class='ocr_line' id='line_1_18' title="bbox 142 2190 1199 2286; baseline -0.003 -27"><span class='ocrx_word' id='word_1_126' title='bbox 142 2197 213 2259; x_wconf 84' lang='lat' dir='ltr'>Liv.</span> <span class='ocrx_word' id='word_1_127' title='bbox 234 2196 383 2274; x_wconf 80' lang='lat' dir='ltr'>XXXIX,</span> <span class='ocrx_word' id='word_1_128' title='bbox 406 2199 472 2261; x_wconf 73' lang='lat'>522</span> <span class='ocrx_word' id='word_1_129' title='bbox 497 2196 675 2282; x_wconf 85' lang='lat' dir='ltr'>Scipionem</span> <span class='ocrx_word' id='word_1_130' title='bbox 699 2214 732 2264; x_wconf 88' lang='lat' dir='ltr'>et</span> <span class='ocrx_word' id='word_1_131' title='bbox 750 2200 900 2286; x_wconf 81' lang='lat' dir='ltr'>Polybius</span> <span class='ocrx_word' id='word_1_132' title='bbox 925 2209 957 2262; x_wconf 89' lang='lat' dir='ltr'>et</span> <span class='ocrx_word' id='word_1_133' title='bbox 978 2190 1113 2260; x_wconf 87' lang='lat' dir='ltr'>Rutilius</span> <span class='ocrx_word' id='word_1_134' title='bbox 1140 2197 1199 2257; x_wconf 90' lang='lat' dir='ltr'>hoc</span> 
     </span>
     <span class='ocr_line' id='line_1_19' title="bbox 99 2293 1197 2384; baseline 0 -27"><span class='ocrx_word' id='word_1_135' title='bbox 99 2315 185 2358; x_wconf 91' lang='lat' dir='ltr'>anuo</span> <span class='ocrx_word' id='word_1_136' title='bbox 206 2293 470 2381; x_wconf 65' lang='lat' dir='ltr'>(trutmundum</span> <span class='ocrx_word' id='word_1_137' title='bbox 494 2299 658 2364; x_wconf 88' lang='lat' dir='ltr'>scribunt..</span> <span class='ocrx_word' id='word_1_138' title='bbox 674 2304 739 2382; x_wconf 78' lang='lat' dir='ltr'>Ego</span> <span class='ocrx_word' id='word_1_139' title='bbox 759 2322 857 2384; x_wconf 85' lang='lat' dir='ltr'>neque</span> <span class='ocrx_word' id='word_1_140' title='bbox 874 2301 924 2363; x_wconf 87' lang='lat' dir='ltr'>his</span> <span class='ocrx_word' id='word_1_141' title='bbox 945 2319 1046 2382; x_wconf 87' lang='lat' dir='ltr'>neque</span> <span class='ocrx_word' id='word_1_142' title='bbox 1072 2297 1197 2362; x_wconf 86' lang='lat' dir='ltr'>Valerio</span> 
     </span>
     <span class='ocr_line' id='line_1_20' title="bbox 100 2392 1197 2480; baseline 0.001 -23"><span class='ocrx_word' id='word_1_143' title='bbox 100 2396 254 2458; x_wconf 84' lang='lat' dir='ltr'>assentior</span> <span class='ocrx_word' id='word_1_144' title='bbox 271 2398 347 2473; x_wconf 61' lang='lat' dir='ltr'>:hia</span> <span class='ocrx_word' id='word_1_145' title='bbox 366 2399 446 2480; x_wconf 88' lang='lat' dir='ltr'>quod</span> <span class='ocrx_word' id='word_1_146' title='bbox 460 2397 639 2460; x_wconf 88' lang='lat' dir='ltr'>censoribus</span> <span class='ocrx_word' id='word_1_147' title='bbox 652 2401 697 2460; x_wconf 90' lang='lat' dir='ltr'>M.</span> <span class='ocrx_word' id='word_1_148' title='bbox 715 2401 837 2476; x_wconf 85' lang='lat' dir='ltr'>Porcio,</span> <span class='ocrx_word' id='word_1_149' title='bbox 861 2402 896 2461; x_wconf 89' lang='lat' dir='ltr'>L.</span> <span class='ocrx_word' id='word_1_150' title='bbox 913 2398 1038 2461; x_wconf 86' lang='lat' dir='ltr'>Valerio</span> <span class='ocrx_word' id='word_1_151' title='bbox 1054 2392 1099 2476; x_wconf 89' lang='lat' dir='ltr'>(a.</span> <span class='ocrx_word' id='word_1_152' title='bbox 1117 2397 1197 2469; x_wconf 85' lang='grc'>569)</span> 
     </span>
     <span class='ocr_line' id='line_1_21' title="bbox 100 2493 1198 2578; baseline -0.001 -23"><span class='ocrx_word' id='word_1_153' title='bbox 100 2493 276 2575; x_wconf 86' lang='lat' dir='ltr'>principem</span> <span class='ocrx_word' id='word_1_154' title='bbox 291 2508 414 2559; x_wconf 89' lang='lat' dir='ltr'>senatus</span> <span class='ocrx_word' id='word_1_155' title='bbox 426 2493 525 2578; x_wconf 81' lang='lat' dir='ltr'>ipsum</span> <span class='ocrx_word' id='word_1_156' title='bbox 538 2498 576 2559; x_wconf 94' lang='lat' dir='ltr'>L.</span> <span class='ocrx_word' id='word_1_157' title='bbox 595 2496 756 2560; x_wconf 83' lang='lat' dir='ltr'>Valerium</span> <span class='ocrx_word' id='word_1_158' title='bbox 771 2515 931 2558; x_wconf 86' lang='lat' dir='ltr'>censorem</span> <span class='ocrx_word' id='word_1_159' title='bbox 941 2496 1084 2570; x_wconf 82' lang='lat' dir='ltr'>inreui03</span> <span class='ocrx_word' id='word_1_160' title='bbox 1104 2513 1198 2574; x_wconf 87' lang='lat' dir='ltr'>quum</span> 
     </span>
     <span class='ocr_line' id='line_1_22' title="bbox 100 2591 1199 2674; baseline -0.005 -21"><span class='ocrx_word' id='word_1_161' title='bbox 100 2592 311 2674; x_wconf 87' lang='lat' dir='ltr'>superioribus</span> <span class='ocrx_word' id='word_1_162' title='bbox 335 2595 435 2657; x_wconf 91' lang='lat' dir='ltr'>tribus</span> <span class='ocrx_word' id='word_1_163' title='bbox 453 2595 558 2657; x_wconf 90' lang='lat' dir='ltr'>lustris</span> <span class='ocrx_word' id='word_1_164' title='bbox 572 2595 737 2658; x_wconf 73' lang='lat' dir='ltr'>Africanus</span> <span class='ocrx_word' id='word_1_165' title='bbox 749 2594 867 2668; x_wconf 87' lang='lat' dir='ltr'>luisset,</span> <span class='ocrx_word' id='word_1_166' title='bbox 894 2611 953 2672; x_wconf 90' lang='lat' dir='ltr'>quo</span> <span class='ocrx_word' id='word_1_167' title='bbox 977 2591 1060 2664; x_wconf 87' lang='lat' dir='ltr'>rivo,</span> <span class='ocrx_word' id='word_1_168' title='bbox 1085 2591 1147 2652; x_wconf 88' lang='lat' dir='ltr'>nisi</span> <span class='ocrx_word' id='word_1_169' title='bbox 1165 2602 1199 2648; x_wconf 93' lang='lat' dir='ltr'>nt</span> 
     </span>
     <span class='ocr_line' id='line_1_23' title="bbox 99 2689 1197 2779; baseline -0.005 -23"><span class='ocrx_word' id='word_1_170' title='bbox 99 2693 155 2756; x_wconf 92' lang='lat' dir='ltr'>ille</span> <span class='ocrx_word' id='word_1_171' title='bbox 171 2709 280 2758; x_wconf 87' lang='lat' dir='ltr'>senatu</span> <span class='ocrx_word' id='word_1_172' title='bbox 293 2708 481 2772; x_wconf 86' lang='lat' dir='ltr'>moveretur,</span> <span class='ocrx_word' id='word_1_173' title='bbox 510 2719 602 2779; x_wconf 88' lang='lat' dir='ltr'>quam</span> <span class='ocrx_word' id='word_1_174' title='bbox 622 2709 729 2759; x_wconf 88' lang='lat' dir='ltr'>notam</span> <span class='ocrx_word' id='word_1_175' title='bbox 749 2713 840 2756; x_wconf 91' lang='lat' dir='ltr'>nemo</span> <span class='ocrx_word' id='word_1_176' title='bbox 862 2691 1019 2754; x_wconf 84' lang='lat' dir='ltr'>memoriae</span> <span class='ocrx_word' id='word_1_177' title='bbox 1040 2689 1197 2772; x_wconf 88' lang='lat' dir='ltr'>prodidit,</span> 
     </span>
     <span class='ocr_line' id='line_1_24' title="bbox 101 2789 1200 2877; baseline -0.004 -25"><span class='ocrx_word' id='word_1_178' title='bbox 101 2789 180 2852; x_wconf 88' lang='lat' dir='ltr'>alius</span> <span class='ocrx_word' id='word_1_179' title='bbox 193 2789 339 2876; x_wconf 84' lang='lat' dir='ltr'>princeps</span> <span class='ocrx_word' id='word_1_180' title='bbox 347 2791 382 2856; x_wconf 91' lang='lat' dir='ltr'>iu</span> <span class='ocrx_word' id='word_1_181' title='bbox 395 2795 496 2855; x_wconf 88' lang='lat' dir='ltr'>locum</span> <span class='ocrx_word' id='word_1_182' title='bbox 509 2794 576 2877; x_wconf 83' lang='lat' dir='ltr'>ejus</span> <span class='ocrx_word' id='word_1_183' title='bbox 588 2795 686 2856; x_wconf 86' lang='lat' dir='ltr'>laetus</span> <span class='ocrx_word' id='word_1_184' title='bbox 698 2805 860 2854; x_wconf 87' lang='lat' dir='ltr'>uonesset.</span> <span class='ocrx_word' id='word_1_185' title='bbox 870 2791 1029 2856; x_wconf 77' lang='lat' dir='ltr'>Antiatem</span> <span class='ocrx_word' id='word_1_186' title='bbox 1042 2798 1200 2851; x_wconf 88' lang='lat' dir='ltr'>auctorem</span> 
     </span>
     <span class='ocr_line' id='line_1_25' title="bbox 101 2890 1201 2976; baseline -0.005 -24"><span class='ocrx_word' id='word_1_187' title='bbox 101 2890 217 2954; x_wconf 85' lang='lat' dir='ltr'>refellit</span> <span class='ocrx_word' id='word_1_188' title='bbox 238 2892 372 2955; x_wconf 83' lang='lat' dir='ltr'>tribunus</span> <span class='ocrx_word' id='word_1_189' title='bbox 390 2895 492 2974; x_wconf 80' lang='lat' dir='ltr'>plebis</span> <span class='ocrx_word' id='word_1_190' title='bbox 522 2897 573 2956; x_wconf 89' lang='lat' dir='ltr'>M.</span> <span class='ocrx_word' id='word_1_191' title='bbox 596 2894 736 2968; x_wconf 75' lang='lat' dir='ltr'>Naevius,</span> <span class='ocrx_word' id='word_1_192' title='bbox 759 2895 899 2955; x_wconf 77' lang='lat' dir='ltr'>adversus</span> <span class='ocrx_word' id='word_1_193' title='bbox 925 2911 1016 2976; x_wconf 82' lang='lat' dir='ltr'>quem</span> <span class='ocrx_word' id='word_1_194' title='bbox 1036 2894 1135 2950; x_wconf 80' lang='lat' dir='ltr'>oratio</span> <span class='ocrx_word' id='word_1_195' title='bbox 1159 2893 1201 2947; x_wconf 84' lang='lat' dir='ltr'>in-</span> 
     </span>
     <span class='ocr_line' id='line_1_26' title="bbox 103 2983 1203 3072; baseline -0.003 -21"><span class='ocrx_word' id='word_1_196' title='bbox 103 2995 218 3069; x_wconf 65' lang='lat' dir='ltr'>scripto</span> <span class='ocrx_word' id='word_1_197' title='bbox 233 2990 275 3050; x_wconf 89' lang='lat' dir='ltr'>P.</span> <span class='ocrx_word' id='word_1_198' title='bbox 297 2993 509 3072; x_wconf 76' lang='lat' dir='ltr'>Africam&#39;est.</span> <span class='ocrx_word' id='word_1_199' title='bbox 527 2991 587 3056; x_wconf 85' lang='lat' dir='ltr'>llic</span> <span class='ocrx_word' id='word_1_200' title='bbox 602 2993 724 3055; x_wconf 79' lang='lat' dir='ltr'>Naevius</span> <span class='ocrx_word' id='word_1_201' title='bbox 737 2992 770 3053; x_wconf 91' lang='lat' dir='ltr'>in</span> <span class='ocrx_word' id='word_1_202' title='bbox 794 2987 1026 3070; x_wconf 81' lang='lat' dir='ltr'>magistratuum</span> <span class='ocrx_word' id='word_1_203' title='bbox 1042 2983 1137 3048; x_wconf 89' lang='lat' dir='ltr'>libris</span> <span class='ocrx_word' id='word_1_204' title='bbox 1153 3000 1203 3048; x_wconf 90' lang='lat' dir='ltr'>est</span> 
     </span>
     <span class='ocr_line' id='line_1_27' title="bbox 103 3081 1202 3170; baseline -0.005 -20"><span class='ocrx_word' id='word_1_205' title='bbox 103 3089 247 3150; x_wconf 88' lang='lat' dir='ltr'>tribunes</span> <span class='ocrx_word' id='word_1_206' title='bbox 267 3088 312 3170; x_wconf 91' lang='lat' dir='ltr'>pl.</span> <span class='ocrx_word' id='word_1_207' title='bbox 333 3091 369 3149; x_wconf 84' lang='lat' dir='ltr'>P.</span> <span class='ocrx_word' id='word_1_208' title='bbox 386 3087 527 3164; x_wconf 87' lang='lat' dir='ltr'>Claudio,</span> <span class='ocrx_word' id='word_1_209' title='bbox 543 3091 581 3152; x_wconf 79' lang='lat' dir='ltr'>L.</span> <span class='ocrx_word' id='word_1_210' title='bbox 595 3090 708 3153; x_wconf 89' lang='lat' dir='ltr'>Porcio</span> <span class='ocrx_word' id='word_1_211' title='bbox 730 3089 905 3150; x_wconf 84' lang='lat' dir='ltr'>consulibus</span> <span class='ocrx_word' id='word_1_212' title='bbox 929 3085 1023 3167; x_wconf 80' lang='lat'>(569),</span> <span class='ocrx_word' id='word_1_213' title='bbox 1053 3086 1106 3146; x_wconf 86' lang='lat' dir='ltr'>sed</span> <span class='ocrx_word' id='word_1_214' title='bbox 1130 3081 1202 3145; x_wconf 92' lang='lat' dir='ltr'>iniit</span> 
     </span>
     <span class='ocr_line' id='line_1_28' title="bbox 102 3181 1202 3269; baseline -0.005 -21"><span class='ocrx_word' id='word_1_215' title='bbox 102 3187 295 3250; x_wconf 82' lang='lat' dir='ltr'>tribunatum</span> <span class='ocrx_word' id='word_1_216' title='bbox 311 3188 372 3269; x_wconf 79' lang='lat' dir='ltr'>Ap.</span> <span class='ocrx_word' id='word_1_217' title='bbox 396 3186 535 3262; x_wconf 82' lang='lat' dir='ltr'>Claudio,</span> <span class='ocrx_word' id='word_1_218' title='bbox 560 3189 602 3248; x_wconf 90' lang='lat' dir='ltr'>M.</span> <span class='ocrx_word' id='word_1_219' title='bbox 627 3187 811 3269; x_wconf 89' lang='lat' dir='ltr'>Sempronio</span> <span class='ocrx_word' id='word_1_220' title='bbox 836 3183 1011 3248; x_wconf 85' lang='lat' dir='ltr'>consulibus</span> <span class='ocrx_word' id='word_1_221' title='bbox 1033 3181 1116 3267; x_wconf 86' lang='lat'>(568)</span> <span class='ocrx_word' id='word_1_222' title='bbox 1131 3196 1202 3244; x_wconf 89' lang='lat' dir='ltr'>ante</span> 
     </span>
     <span class='ocr_line' id='line_1_29' title="bbox 103 3281 1203 3366; baseline -0.005 -20"><span class='ocrx_word' id='word_1_223' title='bbox 103 3285 186 3348; x_wconf 89' lang='lat' dir='ltr'>diem</span> <span class='ocrx_word' id='word_1_224' title='bbox 200 3296 345 3366; x_wconf 70' lang='lat' dir='ltr'>mrartum</span> <span class='ocrx_word' id='word_1_225' title='bbox 358 3285 428 3347; x_wconf 90' lang='lat' dir='ltr'>Idus</span> <span class='ocrx_word' id='word_1_226' title='bbox 443 3285 643 3348; x_wconf 83' lang='lat' dir='ltr'>Decembres.</span> <span class='ocrx_word' id='word_1_227' title='bbox 661 3288 738 3348; x_wconf 85' lang='lat' dir='ltr'>lude</span> <span class='ocrx_word' id='word_1_228' title='bbox 752 3298 817 3346; x_wconf 83' lang='lat' dir='ltr'>tres</span> <span class='ocrx_word' id='word_1_229' title='bbox 831 3301 950 3345; x_wconf 88' lang='lat' dir='ltr'>menses</span> <span class='ocrx_word' id='word_1_230' title='bbox 969 3283 1008 3344; x_wconf 89' lang='lat' dir='ltr'>ad</span> <span class='ocrx_word' id='word_1_231' title='bbox 1032 3283 1104 3343; x_wconf 90' lang='lat' dir='ltr'>ldus</span> <span class='ocrx_word' id='word_1_232' title='bbox 1122 3281 1203 3342; x_wconf 89' lang='lat' dir='ltr'>Mar·</span> 
     </span>
     <span class='ocr_line' id='line_1_30' title="bbox 103 3376 1200 3470; baseline -0.009 -25"><span class='ocrx_word' id='word_1_233' title='bbox 103 3384 164 3445; x_wconf 90' lang='lat' dir='ltr'>tias</span> <span class='ocrx_word' id='word_1_234' title='bbox 179 3396 263 3458; x_wconf 89' lang='lat' dir='ltr'>suut,</span> <span class='ocrx_word' id='word_1_235' title='bbox 280 3381 391 3466; x_wconf 90' lang='lat' dir='ltr'>quibus</span> <span class='ocrx_word' id='word_1_236' title='bbox 407 3387 443 3447; x_wconf 88' lang='lat' dir='ltr'>P.</span> <span class='ocrx_word' id='word_1_237' title='bbox 465 3382 621 3470; x_wconf 84' lang='lat' dir='ltr'>Claudius,</span> <span class='ocrx_word' id='word_1_238' title='bbox 639 3385 674 3445; x_wconf 91' lang='lat' dir='ltr'>L.</span> <span class='ocrx_word' id='word_1_239' title='bbox 695 3383 825 3446; x_wconf 87' lang='lat' dir='ltr'>Porcius</span> <span class='ocrx_word' id='word_1_240' title='bbox 846 3381 1038 3444; x_wconf 86' lang='lat' dir='ltr'>consulatum</span> <span class='ocrx_word' id='word_1_241' title='bbox 1051 3376 1200 3439; x_wconf 86' lang='lat' dir='ltr'>inierunt.</span> 
     </span>
     <span class='ocr_line' id='line_1_31' title="bbox 105 3479 1204 3566; baseline -0.005 -22"><span class='ocrx_word' id='word_1_242' title='bbox 105 3486 153 3547; x_wconf 90' lang='lat' dir='ltr'>lta</span> <span class='ocrx_word' id='word_1_243' title='bbox 170 3498 203 3546; x_wconf 89' lang='lat' dir='ltr'>et</span> <span class='ocrx_word' id='word_1_244' title='bbox 227 3485 337 3548; x_wconf 79' lang='lat' dir='ltr'>vixisse</span> <span class='ocrx_word' id='word_1_245' title='bbox 352 3487 386 3547; x_wconf 89' lang='lat' dir='ltr'>in</span> <span class='ocrx_word' id='word_1_246' title='bbox 401 3485 562 3548; x_wconf 89' lang='lat' dir='ltr'>tribunatu</span> <span class='ocrx_word' id='word_1_247' title='bbox 575 3486 672 3547; x_wconf 89' lang='lat' dir='ltr'>Naevii</span> <span class='ocrx_word' id='word_1_248' title='bbox 686 3485 822 3558; x_wconf 83' lang='lat' dir='ltr'>videtur,</span> <span class='ocrx_word' id='word_1_249' title='bbox 842 3483 967 3566; x_wconf 89' lang='lat' dir='ltr'>diesque</span> <span class='ocrx_word' id='word_1_250' title='bbox 982 3480 1011 3545; x_wconf 90' lang='lat' dir='ltr'>ei</span> <span class='ocrx_word' id='word_1_251' title='bbox 1035 3479 1097 3542; x_wconf 87' lang='lat' dir='ltr'>dici</span> <span class='ocrx_word' id='word_1_252' title='bbox 1115 3479 1153 3539; x_wconf 84' lang='lat' dir='ltr'>ab</span> <span class='ocrx_word' id='word_1_253' title='bbox 1168 3497 1204 3538; x_wconf 90' lang='lat' dir='ltr'>eo</span> 
     </span>
    </p>
   </div>
   <div class='ocr_carea' id='block_1_7' title="bbox 103 3577 1208 4146">
    <p class='ocr_par' dir='ltr' id='par_1_11' title="bbox 103 3577 1208 4146">
     <span class='ocr_line' id='line_1_32' title="bbox 104 3577 1203 3664; baseline -0.007 -18"><span class='ocrx_word' id='word_1_254' title='bbox 104 3582 257 3664; x_wconf 89' lang='lat' dir='ltr'>potuisse,</span> <span class='ocrx_word' id='word_1_255' title='bbox 279 3581 441 3647; x_wconf 87' lang='lat' dir='ltr'>decessisse</span> <span class='ocrx_word' id='word_1_256' title='bbox 466 3596 571 3648; x_wconf 90' lang='lat' dir='ltr'>autem</span> <span class='ocrx_word' id='word_1_257' title='bbox 592 3597 664 3646; x_wconf 88' lang='lat' dir='ltr'>ante</span> <span class='ocrx_word' id='word_1_258' title='bbox 684 3585 720 3648; x_wconf 88' lang='lat' dir='ltr'>L.</span> <span class='ocrx_word' id='word_1_259' title='bbox 745 3582 865 3645; x_wconf 88' lang='lat' dir='ltr'>Valerii</span> <span class='ocrx_word' id='word_1_260' title='bbox 885 3595 917 3643; x_wconf 86' lang='lat' dir='ltr'>et</span> <span class='ocrx_word' id='word_1_261' title='bbox 936 3583 979 3646; x_wconf 89' lang='grc' dir='ltr'>Μ.</span> <span class='ocrx_word' id='word_1_262' title='bbox 1004 3577 1110 3642; x_wconf 89' lang='lat' dir='ltr'>Porcii</span> <span class='ocrx_word' id='word_1_263' title='bbox 1132 3597 1203 3639; x_wconf 90' lang='lat' dir='ltr'>cen·</span> 
     </span>
     <span class='ocr_line' id='line_1_33' title="bbox 103 3689 1165 3742; baseline -0.007 0"><span class='ocrx_word' id='word_1_264' title='bbox 103 3700 218 3742; x_wconf 68' lang='lat' dir='ltr'>Slll&#39;am·</span> <span class='ocrx_word' id='word_1_265' title='bbox 1161 3689 1165 3702; x_wconf 70' lang='grc'><em>“</em></span> 
     </span>
     <span class='ocr_line' id='line_1_34' title="bbox 148 3769 1207 3859; baseline -0.006 -21"><span class='ocrx_word' id='word_1_266' title='bbox 148 3776 215 3838; x_wconf 87' lang='lat' dir='ltr'>Cic.</span> <span class='ocrx_word' id='word_1_267' title='bbox 236 3778 379 3838; x_wconf 82' lang='lat' dir='ltr'>Deerat.</span> <span class='ocrx_word' id='word_1_268' title='bbox 395 3777 438 3852; x_wconf 92' lang='lat' dir='ltr'>ll,</span> <span class='ocrx_word' id='word_1_269' title='bbox 453 3777 504 3851; x_wconf 89' lang='grc'>61,</span> <span class='ocrx_word' id='word_1_270' title='bbox 519 3777 599 3840; x_wconf 81' lang='lat'><strong>249:</strong></span> <span class='ocrx_word' id='word_1_271' title='bbox 613 3776 698 3859; x_wconf 82' lang='lat' dir='ltr'>Quid</span> <span class='ocrx_word' id='word_1_272' title='bbox 705 3774 762 3834; x_wconf 82' lang='lat' dir='ltr'>boc</span> <span class='ocrx_word' id='word_1_273' title='bbox 781 3774 883 3838; x_wconf 79' lang='lat' dir='ltr'>Naevio</span> <span class='ocrx_word' id='word_1_274' title='bbox 906 3769 1073 3853; x_wconf 72' lang='lat' dir='ltr'>ignavius?</span> <span class='ocrx_word' id='word_1_275' title='bbox 1098 3791 1207 3835; x_wconf 85' lang='lat' dir='ltr'>severe</span> 
     </span>
     <span class='ocr_line' id='line_1_35' title="bbox 106 3871 226 3957; baseline -0.008 -21"><span class='ocrx_word' id='word_1_276' title='bbox 106 3871 226 3957; x_wconf 89' lang='lat' dir='ltr'>Scipio.</span> 
     </span>
     <span class='ocr_line' id='line_1_36' title="bbox 142 3979 1208 4056; baseline -0.006 -22"><span class='ocrx_word' id='word_1_277' title='bbox 142 3982 231 4036; x_wconf 82' lang='lat' dir='ltr'>Naeur&#39;o</span> <span class='ocrx_word' id='word_1_278' title='bbox 251 3981 380 4056; x_wconf 51' lang='lat' dir='ltr'>rgnavtbs]</span> <span class='ocrx_word' id='word_1_279' title='bbox 405 3981 548 4037; x_wconf 84' lang='lat' dir='ltr'>ridiculum</span> <span class='ocrx_word' id='word_1_280' title='bbox 568 3985 654 4038; x_wconf 90' lang='lat' dir='ltr'>oritur</span> <span class='ocrx_word' id='word_1_281' title='bbox 673 4002 707 4038; x_wconf 83' lang='lat' dir='ltr'>ex</span> <span class='ocrx_word' id='word_1_282' title='bbox 728 3983 954 4036; x_wconf 84' lang='lat' dir='ltr'>annominatione.</span> <span class='ocrx_word' id='word_1_283' title='bbox 980 3980 1010 4033; x_wconf 89' lang='lat' dir='ltr'>ld</span> <span class='ocrx_word' id='word_1_284' title='bbox 1033 3999 1064 4034; x_wconf 87' lang='lat' dir='ltr'>ex</span> <span class='ocrx_word' id='word_1_285' title='bbox 1088 3979 1208 4032; x_wconf 90' lang='lat' dir='ltr'>oratione</span> 
     </span>
     <span class='ocr_line' id='line_1_37' title="bbox 179 4071 811 4146; baseline 0.005 -25"><span class='ocrx_word' id='word_1_286' title='bbox 179 4071 296 4124; x_wconf 76' lang='lat' dir='ltr'>Africani</span> <span class='ocrx_word' id='word_1_287' title='bbox 311 4073 340 4125; x_wconf 87' lang='lat' dir='ltr'>in</span> <span class='ocrx_word' id='word_1_288' title='bbox 356 4071 394 4126; x_wconf 87' lang='grc' dir='ltr'>Μ.</span> <span class='ocrx_word' id='word_1_289' title='bbox 412 4071 531 4125; x_wconf 82' lang='lat' dir='ltr'>Naevium</span> <span class='ocrx_word' id='word_1_290' title='bbox 545 4086 681 4146; x_wconf 87' lang='lat' dir='ltr'>sumptum</span> <span class='ocrx_word' id='word_1_291' title='bbox 696 4072 811 4126; x_wconf 82' lang='lat' dir='ltr'>videtur.</span> 
     </span>
    </p>
   </div>
   <div class='ocr_carea' id='block_1_8' title="bbox 150 4169 1210 4254">
    <p class='ocr_par' dir='ltr' id='par_1_12' title="bbox 150 4169 1210 4254">
     <span class='ocr_line' id='line_1_38' title="bbox 150 4169 1210 4254; baseline -0.013 -19"><span class='ocrx_word' id='word_1_292' title='bbox 150 4171 272 4235; x_wconf 90' lang='lat' dir='ltr'>Gellius</span> <span class='ocrx_word' id='word_1_293' title='bbox 286 4174 342 4247; x_wconf 85' lang='lat' dir='ltr'>lV,</span> <span class='ocrx_word' id='word_1_294' title='bbox 366 4173 425 4236; x_wconf 88' lang='lat'>18:</span> <span class='ocrx_word' id='word_1_295' title='bbox 443 4172 519 4236; x_wconf 86' lang='lat' dir='ltr'>Cum</span> <span class='ocrx_word' id='word_1_296' title='bbox 541 4173 583 4234; x_wconf 90' lang='grc' dir='ltr'>Μ.</span> <span class='ocrx_word' id='word_1_297' title='bbox 608 4174 731 4240; x_wconf 83' lang='lat' dir='ltr'>Naevius</span> <span class='ocrx_word' id='word_1_298' title='bbox 754 4172 897 4242; x_wconf 81' lang='lat' dir='ltr'>tribunus</span> <span class='ocrx_word' id='word_1_299' title='bbox 918 4169 1020 4254; x_wconf 86' lang='lat' dir='ltr'>plebei</span> <span class='ocrx_word' id='word_1_300' title='bbox 1043 4175 1210 4228; x_wconf 68' lang='lat' dir='ltr'>&#39;accusaret</span> 
     </span>
    </p>
   </div>
   <div class='ocr_carea' id='block_1_9' title="bbox 0 0 1475 4840">
    <p class='ocr_par' dir='ltr' id='par_1_13' title="bbox 0 0 1475 4840">
     <span class='ocr_line' id='line_1_39' title="bbox 0 0 1475 4840; baseline 0 0"><span class='ocrx_word' id='word_1_301' title='bbox 0 0 1475 4840; x_wconf 95' lang='lat' dir='ltr'> </span> 
     </span>
    </p>
   </div>
  </div>
 </body>
</html>
