2904 4840
654 324 692 395 tt

125 461 250 528 litatem
272 465 461 536 transmisit,
482 477 513 526 et
533 477 666 548 praetura
689 487 718 528 a.
741 466 800 529 ott
827 480 923 548 gesta,
941 469 1045 528 consul
1057 469 1153 534 Iactus
1171 482 1218 534 est

122 584 197 626 cum
209 565 269 628 Cn.
283 567 416 631 Octavio
431 585 460 626 a.
474 564 546 641 611,
564 585 646 628 auno
661 565 878 639 antecedam,
897 566 1014 629 duobus
1027 581 1095 648 post
1109 570 1149 648 Q.
1161 573 1218 632 Lu·

119 663 236 724 tatium
248 663 290 746 Q.
304 664 337 724 F.
350 663 502 726 Catulum.
521 664 621 742 Igitur
638 663 711 746 jure
722 665 889 728 meandum
907 658 974 726 cic.
987 662 1048 727 011.
1062 665 1107 734 11,
1122 664 1170 734 lt,
1187 685 1219 728 se

116 760 193 822 sine
209 781 339 823 munere
352 761 481 822 honores
496 759 578 823 dixit
595 763 750 845 adeptum.
776 765 822 826 Ex
837 762 997 825 consulatu
1010 760 1221 823 Macedoniam

116 877 181 938 per
197 859 365 920 triennium
384 859 481 932 rexit,
505 858 650 948 belloque
665 881 736 924 cum
750 861 905 924 Dardanis
920 861 1099 940 benegesto
1114 859 1221 920 trium-

116 951 234 1034 phavit
258 953 342 1038 (Cio.
362 953 419 1020 Or.
440 952 474 1016 in
491 953 594 1016 Pison.
618 978 646 1018 e.
667 959 729 1042 19).
756 957 912 1016 Fortuitus
925 969 972 1018 est
986 957 1221 1018 errorAudreae

117 1049 257 1124 Schotti,
265 1051 318 1131 qui
325 1047 429 1128 Pighii
435 1050 573 1109 Annales
583 1051 747 1130 supplevit,
759 1051 836 1108 ada.
851 1049 923 1122 683,
935 1072 965 1131 p.
977 1049 1221 1125 tonsoratum

121 1148 287 1210 Curionem
302 1145 488 1222 exhibentis,
499 1149 549 1208 vel
563 1167 602 1208 ex
613 1149 669 1210 Ms.
683 1148 824 1228 quodam,
837 1160 915 1210 teste
926 1151 1041 1212 Ludov.
1055 1151 1219 1223 Carrione,

122 1245 316 1324 Caepionem.
344 1245 423 1306 Huio
445 1244 638 1324 provinciam
660 1242 812 1326 adjectam
833 1241 983 1306 Achaiam
1004 1257 1144 1328 oportet,
1171 1261 1222 1306 aut

119 1347 230 1408 minus
244 1356 388 1410 accurate
402 1343 537 1408 locutum
549 1345 726 1421 Ascanium,
740 1347 793 1427 qui
807 1365 844 1408 ex
857 1343 912 1407 illa
922 1348 1160 1428 repetundarum
1174 1365 1223 1408 ac·

120 1459 263 1508 ousatum
274 1444 370 1506 refert
381 1445 420 1506 ad
428 1446 556 1508 Verria.
569 1447 594 1522 I,
608 1447 641 1506 2.
661 1447 756 1508 Addit
766 1459 871 1510 tamen
882 1447 958 1509 alios
968 1467 1031 1512 non
1042 1447 1220 1518 Curionem,

121 1548 178 1610 sed
188 1545 321 1627 Oppium
333 1547 496 1626 quemdam
506 1546 642 1608 tradere.
660 1547 721 1610 Sed
730 1543 844 1609 diserte
857 1547 940 1609 idem
952 1548 991 1608 ad
1001 1547 1126 1610 Cornel.
1137 1567 1169 1629 p.
1182 1548 1221 1610 63

123 1648 194 1721 Or„
210 1641 366 1708 Balearici
384 1645 492 1722 filium,
508 1648 661 1728 'Nepotem
675 1648 834 1709 Metellum
849 1668 867 1708 a
880 1647 1016 1709 Curione
1037 1649 1111 1710 olim
1131 1669 1222 1713 accu-

123 1761 223 1814 satum
237 1746 332 1822 dioit3
352 1767 447 1828 quare
460 1750 563 1830 Nepos
574 1769 592 1808 a
602 1746 677 1822 lilio,
692 1748 743 1810 cui
754 1749 835 1811 idem
845 1748 901 1810 tuit
913 1766 1075 1828 agnomen,
1087 1751 1223 1812 moriens
1326 1789 1334 1794 -

123 1849 261 1931 petierit,
278 1863 311 1910 ut
325 1849 395 1929 pari
410 1848 533 1910 actione
548 1845 708 1910 inimicum
723 1869 810 1910 suum
824 1849 1041 1921 ulcisceretur3
1055 1845 1221 1910 Curionem

127 1960 245 2023 autem,
263 1957 463 2030 ἀντικατηγορίαν
484 1943 695 2017 minitantem,
717 1946 862 2026 pactione
875 1945 957 2006 iacta
971 1941 1144 2027 periculum
1162 1944 1223 2005 ela·

125 2043 211 2104 sisse.
238 2041 354 2103 Metelli
376 2037 513 2103 accusati
535 2037 677 2104 meminit
696 2041 789 2102 etiam
811 2042 978 2124 Appuleius
998 2041 1088 2122 Apol.
1109 2061 1141 2122 p.
1160 2040 1218 2102 511

126 2144 268 2204 Elmonh.
291 2140 341 2225 (p.
359 2143 395 2205 Il
416 2138 512 2226 Rip).
538 2143 646 2204 Postea
660 2141 762 2205 civem
775 2163 839 2204 non
852 2142 926 2206 satis
939 2154 1146 2216 constantem,
1169 2143 1222 2204 sed

128 2241 178 2303 vel
198 2261 234 2303 ex
255 2260 312 2302 ore
329 2241 500 2322 potentium
521 2243 724 2321 pendentem,
747 2243 798 2303 rel
819 2241 881 2302 levi
895 2238 1108 2323 qualicumque
1127 2240 1223 2301 animi

128 2351 212 2400 motu
226 2337 388 2420 impulsum
402 2334 477 2416 egit.
493 2334 586 2398 Verri
599 2337 676 2399 iavit
692 2335 833 2420 (Verrin.
846 2340 873 2412 l,
887 2340 929 2414 t),
947 2338 1047 2418 legem
1062 2333 1223 2399 Mamiliam

129 2534 268 2614 quamvis
283 2553 350 2596 cum
364 2534 511 2616 Pompeio
523 2529 639 2614 juncti,
653 2533 800 2612 gravibus
813 2531 975 2595 sententiis
988 2547 1020 2594 et
1033 2534 1224 2594 orationibus

129 2630 162 2692 in
184 2642 290 2692 senatu
303 2627 417 2690 habitis
437 2632 614 2692 adversatus
630 2641 695 2703 est,
719 2631 773 2691 sed
795 2630 908 2690 frustra
924 2625 1032 2708 (Brut.
1047 2649 1075 2688 c.
1090 2629 1142 2697 60,
1157 2631 1222 2713 61).

129 2725 232 2790 Coluit
247 2739 348 2788 autem
359 2722 521 2789 Ciceronis
532 2723 700 2786 amicitiam
714 2721 859 2808 (Philipp.
869 2727 915 2798 11,
926 2725 981 2802 18;
996 2727 1075 2808 Epp.
1087 2727 1126 2788 ad
1137 2723 1222 2788 divv.

129 2829 173 2901 II,
187 2825 227 2904 5),
244 2825 358 2909 quippe.
375 2848 394 2888 a
408 2825 516 2890 Clodio
528 2825 710 2888 verberibus
724 2836 878 2907 acceptae,
897 2844 966 2886 cum
978 2845 1073 2888 senex
1086 2829 1118 2886 'et
1130 2827 1224 2888 hono-

130 2937 216 2988 ratus
228 2944 285 3005 pro
296 2921 448 2988 Cicerone
462 2927 694 3007 deprecaretur.
710 2921 764 2987 Sic
773 2933 861 2986 'certe
871 2922 931 2983 Dio
940 2923 1116 2994 XXXVIII,
1131 2943 1161 2983 c.
1171 2924 1221 2985 16.

130 3024 197 3086 Hac
212 3023 251 3082 de
266 3041 356 3083 causa
369 3020 540 3084 orationem
557 3018 719 3085 Ciceronis
736 3021 770 3082 in
783 3019 922 3083 Clodium
936 3033 967 3084 et
978 3016 1156 3094 Curionem,
1172 3039 1224 3082 see·

130 3115 197 3200 pius
212 3131 414 3182 memoratam
425 3115 621 3201 Quintiliano
634 3120 691 3189 III,
707 3119 736 3192 t,
754 3118 791 3192 23
810 3119 849 3192 V,
865 3116 917 3190 10,
931 3117 987 3188 923
1011 3118 1098 3190 VIII,
1116 3118 1147 3190 3,
1162 3115 1221 3194 813

133 3218 162 3292 6,
178 3220 234 3293 56;
253 3219 309 3294 ΙΧ,
323 3217 354 3291 2,
370 3221 422 3291 96,
434 3219 495 3280 Jul.
509 3216 668 3282 Rufinian.
681 3238 713 3300 p.
728 3216 786 3280 196
800 3215 924 3278 Ruhnk.
938 3210 1224 3298 61518ρί6531).Νο-

132 3319 227 3395 nium,
242 3340 304 3381 nou
318 3333 459 3403 spectare
468 3319 634 3384 Curionem
648 3332 769 3402 patrem
783 3330 874 3400 recte·
879 3315 1033 3399 judicavit
1044 3319 1083 3379 ad
1091 3317 1224 3398 primum

131 3417 317 3502 Quintiliani
330 3421 432 3482 locum
445 3420 649 3502 Spaldingius.
666 3421 750 3480 Idem
760 3431 864 3480 tamen
874 3418 980 3479 eadem
991 3409 1152 3478 occasione
1162 3435 1225 3478 non

132 3516 261 3576 multum
275 3515 372 3592 abest,
388 3516 462 3598 quin
477 3517 614 3578 Manutio
630 3515 771 3589 accedat,
796 3512 847 3594 qui
862 3526 981 3594 patrem
997 3507 1165 3573 Curionem
1179 3507 1225 3574 in·

134 3615 250 3677 tellexit
262 3613 295 3675 iu
307 3613 375 3676 Cic.
390 3615 468 3697 Epp.
484 3617 523 3676 ad
533 3617 597 3676 Att.
609 3616 666 3688 III,
683 3613 740 3686 153
756 3633 792 3674 ea
805 3611 958 3694 praecipue
973 3612 1012 3670 de
1027 3628 1128 3685 causa,
1145 3613 1226 3692 quod

134 3713 276 3778 Curionis
289 3707 346 3774 filii
359 3726 390 3775 et
402 3711 502 3777 Clodii
517 3734 567 3778 res
582 3733 739 3794 nunquam
751 3712 934 3794 conjunctas
944 3711 1111 3772 memorari
1121 3709 1225 3773 existi·

133 3825 206 3873 mat.
222 3812 313 3896 Quod
322 3825 534 3888 argumentum
543 3833 612 3875 cum
622 3812 737 3874 rectius
746 3814 784 3872 ad
793 3813 924 3872 alteram
933 3816 1053 3887 partem
1062 3809 1227 3872 transferri

136 3919 271 3988 poterat3
294 3921 371 3982 tum,
393 3904 492 3988 quiin
504 3907 621 3990 judicio
637 3907 677 3970 de
690 3901 893 3986 religionibus
908 3924 926 3965 a
940 3899 1048 3966 Clodio
1064 3903 1143 3968 laesis
1157 3905 1226 3966 Clo·

139 4007 242 4070 dianas
255 4030 366 4093 operas
380 4009 484 4088 duxit,
501 4025 532 4073 et
546 4009 646 4090 gregis
659 4005 848 4072 Catilinariae
861 4005 1008 4090 princeps
1020 4007 1174 4090 populum,
1193 4018 1226 4064 ut

139 4107 324 4184 rogationem
338 4110 524 4191 antiquaret,
537 4105 722 4185 obsecravit,
736 4103 831 4170 filiola
842 4105 896 4170 illa
907 4101 1062 4177 Curionis,
1076 4117 1108 4163 ut
1118 4101 1228 4184 saepius
