2954 4840
677 332 744 401 381

162 474 255 547 gnori
269 491 379 550 agrum
401 494 422 530 a
441 488 567 549 parente
585 472 696 551 pupilli
715 475 877 550 acceperit,
888 491 943 552 Jus
957 488 1165 556 exsequetur.-
1186 472 1265 532 rn'liil

159 573 329 630 novandum
343 592 464 632 censeo.

202 721 321 788 Tertyllo
334 735 359 774 et
370 721 510 789 Clemente]
524 741 613 774 conss.
627 742 652 776 a.
664 727 695 776 U.
706 724 768 784 946,
786 745 813 796 p.
828 724 892 776 Chr.
909 726 969 786 195,
985 722 1055 794 apud
1068 721 1219 776 Relandum
1235 723 1263 776 in

233 805 329 856 Fastis.

206 945 293 1006 luris
315 942 423 1008 Civilis
443 944 708 1010 Ante-iustinian.
728 949 831 1010 Vatic.
855 943 965 1029 irtigm.
986 969 1018 1032 p.
1039 947 1080 1010 tt
1100 949 1150 1012 ed.
1167 944 1261 1008 Mai:

162 1045 240 1106 Pars
254 1046 406 1108 orationis
424 1046 620 1130 imperatoris
634 1049 762 1112 Severi:
778 1048 964 1109 Promiscua
976 1049 1116 1128 facultas
1134 1051 1264 1126 potioris

161 1147 343 1205 nominandi
354 1151 415 1206 nisi
427 1150 508 1206 intra
522 1146 710 1226 cenosfines
725 1141 911 1222 cohibeatur,
927 1151 991 1229 ipso
1006 1161 1106 1206 tractu
1119 1151 1265 1225 temporis

159 1243 294 1321 pupillos
305 1249 445 1324 jortunis
465 1250 529 1305 suis
546 1244 693 1325 privabit,
707 1250 757 1304 cui
775 1249 822 1305 rei
839 1246 971 1307 obviam
984 1247 1086 1320 ibitur,
1105 1245 1148 1304 P.
1163 1245 1212 1318 C.,
1236 1249 1264 1305 si

161 1349 353 1418 censueritis,
368 1359 400 1403 ut
413 1345 540 1426 collegce
550 1349 648 1426 patris
667 1351 716 1405 sni
735 1345 787 1405 vel
800 1346 911 1425 pupilli
932 1351 964 1404 in
982 1348 1107 1406 decuria
1126 1345 1180 1404 uel
1194 1365 1264 1404 cor·

151 1443 247 1522 pore,
263 1448 337 1504 item
350 1450 474 1526 cognati
490 1446 544 1505 uel
558 1447 671 1529 affines
690 1451 843 1532 utriusque
862 1449 1104 1518 necessitudinis,
1123 1451 1177 1530 qui
1195 1448 1266 1526 lege

162 1542 245 1603 Jult'a
255 1559 285 1604 et
293 1545 395 1623 Papia
405 1550 528 1624 excepti
539 1561 617 1619 sunt,
626 1549 780 1624 potiorem
791 1567 851 1606 non
863 1551 1032 1621 nominent,
1045 1549 1139 1605 ceteri
1145 1548 1269 1626 cognati

163 1645 219 1704 'nel
233 1643 348 1724 adfines
365 1647 499 1702 amicire
516 1657 605 1726 atque
625 1646 794 1722 municipes
807 1664 861 1703 eos
875 1644 1083 1706 tantummodo
1097 1647 1264 1712 nominent,

162 1765 330 1828 quoscum
349 1744 530 1824 complexus
549 1765 627 1804 snm.
652 1743 687 1804 V
686 1747 833 1803 icinitotis
850 1759 954 1804 autem
967 1739 1041 1826 jure
1059 1765 1149 1803 nemo
1164 1747 1268 1822 potior

160 1847 363 1904 existimetur.

204 1941 285 2002 lhid.
303 1961 334 2022 p.
349 1940 407 2003 ll:
424 1939 459 2005 Si
522 1953 593 2002 tuus
609 1937 736 2003 nomine
750 1938 935 2024 matrithuae
954 1942 991 2002 de
1012 1960 1068 2003 sna
1080 1938 1213 2023 pecunie

161 2039 338 2103 donationis
349 2059 452 2112 causa,
465 2039 553 2120 eique
562 2037 703 2112 tradidit,
714 2051 746 2100 et
759 2041 912 2102 decedens
924 2061 987 2102 non
999 2038 1161 2102 revocavit
1175 2037 1213 2098 ad

161 2134 330 2204 contulisse
343 2137 479 2212 videtur,
494 2137 650 2216 intellegis
665 2137 781 2200 frustra
800 2138 924 2217 terelle
943 2137 1092 2218 experiri,
1107 2155 1179 2198 cum
1193 2154 1263 2193 ora·

159 2244 241 2297 tione
255 2236 329 2297 Divi
340 2235 446 2298 Seven·
463 2235 638 2317 hujusmodi
652 2240 834 2301 donationes
854 2252 923 2320 post
942 2235 1063 2302 obitum
1076 2256 1196 2310 eorum,
1212 2229 1265 2314 qui

88 2402 93 2412 ,
157 2340 365 2412 donaverunt,
389 2337 612 2400 confirmentur
633 2339 669 2398 P.
689 2340 725 2398 P.
746 2340 846 2420 pridie
868 2359 942 2400 non.
964 2351 1059 2400 murt.
1078 2337 1267 2407 Antiochiae,

160 2441 259 2516 Augg.
276 2459 326 2499 ιιιι
341 2450 373 2498 et
389 2457 425 2499 ιιι
441 2458 543 2499 conss.

195 2573 288 2646 Augg.
296 2573 388 2640 1111.]
399 2571 523 2642 i.e.lmp.
532 2575 563 2624 C.
573 2575 639 2629 Aur.
648 2551 737 2626 Valet.
748 2572 912 2624 Diocletiano
920 2571 989 2643 Aug.
998 2590 1034 2634 tv,
1043 2583 1070 2622 ct
1078 2573 1144 2642 lmp.
1153 2573 1188 2622 M.
1197 2569 1261 2624 Aur.

232 2657 320 2710 aner.
332 2655 520 2708 Maximininno
530 2656 599 2727 Aug.
611 2673 640 2704 ιιι
649 2675 739 2711 conss.
750 2675 774 2707 u.
786 2657 818 2708 U.
832 2655 907 2714 1041,
917 2673 944 2724 p.
957 2655 1022 2706 Chr.
1033 2656 1095 2706 290.
1191 2697 1192 2700 ,

273 2863 431 2935 CXXIV.
462 2861 629 2935 Aurelius
656 2865 869 2952 Antoninus,
900 2865 1022 2936 Severi
1044 2861 1151 2935 filius.
1291 2834 1360 2908 263

205 3095 377 3176 Imperator
399 3097 575 3158 Antoninus
594 3097 760 3176 Augustus,
788 3110 861 3159 ante
881 3117 1040 3160 excessum
1067 3099 1141 3160 Divi
1155 3099 1265 3164 Severi

164 3189 264 3276 putris
278 3192 325 3254 sui
339 3191 513 3254 orationem
525 3193 634 3255 habuit
648 3195 801 3258 insenum
816 3216 846 3254 a.
863 3195 902 3259 U.
926 3195 999 3270 958,
1016 3196 1065 3254 De
1079 3195 1263 3276 confirman-

163 3289 214 3350 dis
223 3288 429 3360 orationibus,
443 3311 481 3352 ex
491 3312 551 3372 qua
562 3293 736 3370 fragmenta
751 3289 930 3355 etiamnunc
945 3305 1078 3354 exstant.

204 3391 323 3471 Digest.
339 3391 396 3453 lib.
412 3391 527 3468 XXIV,
540 3393 588 3454 tit.
608 3417 631 3470 ι,
647 3393 664 3455 3
681 3416 689 3453 t
712 3395 761 3454 lta
776 3394 842 3454 aits
864 3389 1007 3476 Majores
1018 3387 1112 3452 nostri
1124 3397 1204 3452 inter
1217 3398 1261 3452 vi·

161 3511 229 3549 rum
243 3508 274 3550 et
286 3515 417 3552 uxorem
429 3494 606 3554 donationes
617 3495 846 3572 prohibuerunt,
864 3517 1006 3554 amorem
1020 3493 1177 3553 honestum
1192 3495 1265 3554 solis

160 3593 276 3651 animis
292 3597 492 3666 aestimantes,
501 3598 609 3673 samec
631 3597 728 3653 etiam
748 3589 977 3674 conjunctorum
995 3591 1197 3668 consulentes,
1225 3614 1264 3654 ne

160 3692 324 3750 concordia
336 3696 438 3768 pretio
448 3695 611 3754 conciliari
625 3695 790 3768 uideretur,
803 3715 876 3757 nere
890 3695 1039 3752 meliorin
1050 3709 1263 3770 paupertatem

104 3872 106 3876 Ι
161 3792 320 3863 incideret,
347 3791 481 3850 deterior
497 3793 698 3872 ditiorfieret.

204 3890 284 3952 ιιιι.
299 3887 356 3951 ιιι.
371 3889 484 3964 xxiv,
501 3890 551 3950 ιιι.
564 3913 584 3962 ι,
603 3891 664 3952 31:
683 3893 734 3953 ιιι
749 3891 866 3955 ormo:
885 3891 948 3951 ras
962 3873 1043 3964 esse,
1056 3887 1262 3974 computum

159 3993 213 4068 qui
238 3991 360 4049 donavit
377 3992 547 4064 paenitere,
573 3987 718 4050 heredem
733 4013 806 4052 vero
831 3995 946 4072 eripere
954 3993 1098 4072 forsitan
1119 3989 1264 4050 adversus

162 4089 345 4150 uoluntatem
367 4086 433 4170 ejus
460 4109 654 4168 supremum,
679 4099 730 4178 qni
752 4091 925 4166 donaverit,
954 4095 1063 4152 durum
1087 4106 1116 4151 et
1135 4113 1262 4150 avarum

161 4207 237 4246 esse.
