2934 4846
790 324 831 392 18

255 458 507 522 adduxisse-dicit
519 503 526 534 ,
539 457 726 543 nauticum
742 458 908 521 Plutarcho
931 461 965 521 in
984 459 1057 524 Vita
1070 479 1097 522 c.
1117 461 1169 538 to.
1186 463 1291 525 Etim
1302 468 1362 529 Ve-

255 561 349 622 lerius
358 561 519 634 Maximus,
537 561 623 638 Vlll,
643 560 675 632 l,
697 559 926 640 nonogesimo
944 574 1031 624 sexte
1043 563 1237 625 estatisnntto
1251 565 1365 647 caprilis

251 662 401 742 judicium
421 662 549 724 subiisse
571 671 693 724 narrat.
710 663 788 723 Nota
805 663 870 723 laus
884 675 930 724 est
940 663 1034 725 Plinii
1050 665 1089 726 de
1099 665 1220 728 Catone
1237 668 1249 748 (
1259 671 1298 730 H.
1321 662 1358 732 N.

254 760 320 834 Vll,
336 761 374 822 27
387 761 411 844 )‚
435 760 582 841 optimum
601 756 692 819 luisse
708 773 894 831 senatorem,
918 761 1069 842 optimum
1093 775 1261 839 oratorem,
1285 765 1364 847 opti·

253 877 334 918 mum
356 856 588 939 imperatorem.
602 853 800 917 Conveniunt
819 855 877 918 Liv
906 856 928 917 l.
943 878 985 932 c.,
1003 857 1104 938 Nepos
1118 879 1148 921 c.
1172 861 1201 937 3,
1217 863 1357 926 Macrob.

157 989 161 997 ·
252 955 286 1016 in
297 956 404 1018 Somn.
425 951 580 1033 Scipionis
596 952 644 1026 ll,'
659 950 711 1024 1¹7,
726 952 871 1015 Aurelius
889 951 999 1014 Victor
1017 951 1065 1016 De
1081 956 1160 1016 viris
1174 956 1285 1020 illustr.
1304 959 1357 1022 ll.

252 1049 462 1114 Clarissimum
487 1046 552 1130 ejus
565 1048 605 1108 'in
627 1048 766 1130 patronis
787 1069 919 1122 nomen,
944 1049 1057 1132 quippe
1072 1050 1128 1113 'cui
1151 1047 1207 1134 (ut
1227 1045 1360 1117 Duronii

253 1150 334 1232 apud
343 1147 527 1212 Ciceronem
539 1144 587 1209 De
607 1159 689 1210 orat.
708 1147 749 1222 ll,
769 1149 821 1220 68,
839 1147 942 1210 verbis
962 1149 1054 1234 utar)
1078 1148 1162 1212 inter
1176 1171 1282 1215 omnes
1302 1154 1362 1217 lre·

252 1247 451 1328 quentissima
471 1244 592 1306 occasio
613 1243 718 1306 oblata
729 1241 832 1316 suerit,
846 1265 934 1306 suum
952 1245 1109 1325 negotium
1121 1246 1266 1310 faciendi.
1280 1251 1359 1312 Nam

247 1345 529 1429 undequinquagies
553 1355 712 1406 accusatus
729 1356 761 1404 et
786 1363 910 1426 semper
926 1345 1082 1406 absolutus
1108 1359 1167 1408 est.
1207 1350 1285 1412 Vidn
1298 1351 1358 1412 Pli-

249 1451 335 1512 nium
347 1449 370 1510 l.
388 1467 418 1510 c.
438 1445 549 1509 Varias
566 1455 667 1505 autent
685 1441 775 1524 hujus
787 1443 850 1506 riri
870 1445 977 1506 laudes
991 1464 1082 1506 nemo
1106 1448 1359 1526 magnificentiis

250 1549 376 1612 ornavit
385 1550 420 1610 Τ.
437 1546 528 1609 Livio
540 1546 687 1621 XXXIX,
700 1547 753 1608 lO.
773 1547 986 1626 Romanorum
1003 1547 1109 1608 nescio
1121 1567 1162 1608 an
1178 1548 1235 1610 soli
1247 1549 1362 1616 Catoni

251 1643 431 1724 contigerit,
442 1657 487 1720 ut,
509 1662 579 1706 cum
593 1642 632 1704 ab
650 1643 761 1708 alienis
771 1654 807 1706 et
815 1642 1038 1722 cognoscendis
1051 1655 1084 1704 ct
1094 1644 1299 1726 compilandis
1313 1666 1362 1712 rs·

250 1745 438 1809 molissimm
451 1756 554 1818 esset,
574 1756 606 1806 et
616 1764 712 1808 senex
727 1755 853 1808 tanturn
873 1744 1058 1808 Graecarum
1072 1745 1236 1808 literarum
1249 1749 1359 1814 notitia

250 1848 395 1923 imbutus,
418 1848 536 1910 nullum
550 1845 649 1912 lernae
668 1861 766 1926 genus
787 1847 866 1910 artis
879 1865 941 1908 non
962 1846 1113 1924 tetigerit,
1131 1847 1265 1924 nullutn,
1279 1853 1359 1931 qnnrl

248 1945 411 2024 tetigisset,
428 1963 492 2008 non
501 1942 673 2004 ornareris.
685 1944 786 2008 Senes
801 1942 996 2006 Carneadem
1011 1943 1214 2006 disserentem
1224 1946 1357 2023 audiris,

250 2068 332 2110 anno
353 2046 420 2108 lere
440 2045 535 2112 Urbis
556 2046 639 2108 590:
655 2047 737 2108 conf.
759 2044 826 2108 Cic.
844 2047 892 2110 De
909 2044 1030 2127 republ.
1056 2046 1100 2106 Ill
1116 2047 1199 2127 apud
1211 2050 1356 2112 henne.

249 2149 386 2212 lnstitut.
411 2147 509 2210 divin.
526 2149 567 2219 V,
591 2147 641 2208 14.
667 2148 715 2208 lta
734 2147 845 2211 Servio
860 2160 980 2226 qnoque
992 2145 1116 2222 Gotho,
1138 2149 1192 2208 M:
1206 2150 1359 2225 britanio,

250 2248 318 2312 aliis
331 2249 495 2331 praestitit,
526 2248 578 2330 qui
594 2262 733 2328 tempore
744 2247 943 2329 posteriores,
965 2247 1061 2309 multo
1079 2249 1117 2310 etl
1132 2247 1246 2313 literas
1257 2251 1359 2314 aditu

125 2397 128 2404 .
248 2348 404 2412 faciliores
413 2348 599 2425 babuerunt,
618 2349 813 2430 ancorarum
825 2349 998 2432 patriarum
1007 2349 1167 2428 egregiam
1178 2351 1358 2428 scientiis,

247 2431 327 2527 juris
346 2447 503 2528 peritiam,
529 2465 656 2527 remque
674 2447 841 2510 militarem
860 2461 893 2510 et
905 2459 1021 2510 artent
1034 2447 1257 2526 muscognitam
1270 2447 1357 2510 inds-
1465 2511 1466 2522 ,

250 2545 329 2610 tesso
338 2545 438 2610 studio
449 2546 570 2616 Grecis
585 2546 688 2608 literis
714 2544 866 2628 adjunnit.
884 2546 1007 2629 Quippe
1022 2556 1155 2625 quantus
1168 2545 1263 2608 luerit
1274 2546 1358 2626 agii*
1465 2577 1466 2634 p

249 2644 316 2706 cola
325 2687 335 2718 ,
347 2643 423 2708 libri
440 2649 611 2718 testentur,
626 2656 661 2704 ut
678 2643 866 2725 scriptorum
881 2643 1059 2706 testimonia
1071 2644 1223 2708 addemme
1232 2663 1298 2706 non
1316 2644 1356 2708 sit
1465 2637 1466 2666 ¹

249 2763 342 2826 opusa
360 2743 607 2825 jureconsultum
625 2743 737 2808 cicero
751 2744 799 2806 De
812 2755 895 2806 orat.
911 2744 953 2816 ll,
972 2744 1026 2818 33,
1044 2743 1139 2806 luisse
1153 2743 1305 2820 affirmata
1319 2746 1356 2808 de

249 2857 319 2908 arto
328 2845 456 2908 militari
469 2847 640 2926 scripsisse,
654 2845 881 2924 etperitissimo
895 2845 1028 2923 quidem,
1044 2843 1186 2921 Vegetins
1197 2846 1225 2918 l,
1239 2846 1271 2919 8,
1288 2865 1355 2908 sese

249 2960 356 3004 rorum
375 2941 567 3017 militarium,
593 2942 697 3021 quales
718 2953 793 3002 tunc
812 2953 913 3011 erant,
932 2939 1089 3002 'notititm-
1104 2939 1143 3002 ab
1168 2940 1222 3002 illo
1242 2943 1355 3024 petisse

250 3040 376 3117 addens,
398 3053 431 3100 et
448 3038 567 3102 Plinius
590 3049 744 3120 praeterea
761 3033 944 3116 praelatione
956 3036 1103 3100 Historiae
1120 3038 1294 3113 nstunelis,
1312 3041 1354 3102 A.-
1397 3041 1401 3048 '

249 3136 369 3200 Gellius
388 3137 471 3211 Vll,
493 3134 525 3210 4,
547 3133 762 3216 Philargyrius
782 3134 820 3192 ad
836 3133 925 3212 Virg«
937 3134 1055 3213 Georgi.
1084 3137 1130 3210 11,
1154 3135 1236 3206 412.
1250 3137 1354 3198 testati

247 3249 331 3300 sunt.
353 3239 402 3299 De
416 3235 525 3300 liboris
535 3236 702 3302 mannis
722 3232 859 3296 libellum
881 3236 1001 3298 Nonius
1017 3255 1043 3298 s.
1066 3257 1138 3297 asse
1148 3237 1355 3311 arcon-Festus

248 3340 326 3402 locis
343 3339 448 3403 multis
458 3351 611 3404 memorat
630 3331 704 3426 [Res
719 3335 831 3415 dubia;
847 3337 965 3400 Nonius
979 3350 1067 3400 certe
1077 3337 1353 3402 Varrcniolibrnm

247 3440 458 3522 logistoricum
467 3442 557 3515 citat,
569 3441 752 3522 inscriptum
762 3438 837 3500 Cato
848 3439 902 3498 vel
909 3440 947 3498 de
957 3439 1251 3511 liber-iosducanol's,
1263 3459 1351 3520 quem

248 3541 388 3621 smpicor
402 3539 497 3602 etiam
513 3537 619 3618 tlioere
636 3538 768 3601 voluisse
782 3535 976 3600 Macrobinrn
986 3535 1115 3598 Satura.
1131 3537 1186 3611 Ill,
1200 3537 1232 3598 6.
1249 3538 1356 3608 Festus

247 3637 373 3725 disertis
386 3640 492 3704 verbis
513 3640 590 3702 nihil
610 3639 760 3723 ejusmodi
770 3630 1014 3722 cotnmemnra-t]
1026 3635 1191 3720 aEpistolur
1206 3638 1319 3721 passbn
1334 3652 1353 3702 a

246 3742 410 3805 Prisciane
435 3735 480 3832 [et
495 3739 599 3832 Festo]
619 3743 742 3812 allutea
763 3737 1021 3824 apophthegmata
1042 3757 1107 3802 non
1128 3741 1219 3802 modo
1232 3741 1356 3804 Plutar-

247 3839 365 3903 chtsin
376 3841 448 3904 Vita
467 3841 616 3918 laudavit,
637 3842 690 3904 ssd
703 3838 812 3902 Cicero
824 3836 905 3898 libro
914 3836 1049 3898 secundo
1060 3837 1109 3898 Do
1125 3848 1250 3899 ansere
1261 3840 1352 3902 veria

244 3937 319 4001 inde
330 3937 402 4021 joca
422 3937 647 4022 deprompsisse
668 3937 819 4000 creditur.
849 3932 1034 4014 Epistolicas
1049 3933 1233 4014 questiones
1245 3933 1352 3998 laudat

246 4038 286 4098 Α.
298 4037 382 4102 Gell.
397 4037 466 4109 Vll,
480 4037 531 4098 10.
548 4037 682 4096 Carmen
694 4033 732 4092 de
743 4027 891 4103 moribm,
900 4028 977 4103 sire,
995 4029 1349 4110 querite-nuscum,

245 4135 576 4222 praeoperantem,
594 4138 632 4195 Α.
644 4132 725 4195 Gell.
741 4132 795 4206 Xl,
822 4131 852 4206 2,
868 4135 900 4192 et
912 4129 1197 4216 Nonius-scripsisse
1209 4132 1346 4211 ‹locentg
