<?xml version="1.0" encoding="UTF-8"?>
<!DOCTYPE html PUBLIC "-//W3C//DTD XHTML 1.0 Transitional//EN"
    "http://www.w3.org/TR/xhtml1/DTD/xhtml1-transitional.dtd">
<html xmlns="http://www.w3.org/1999/xhtml" xml:lang="en" lang="en">
 <head>
  <title>
</title>
<meta http-equiv="Content-Type" content="text/html;charset=utf-8" />
  <meta name='ocr-system' content='tesseract 3.04.00' />
  <meta name='ocr-capabilities' content='ocr_page ocr_carea ocr_par ocr_line ocrx_word'/>
</head>
<body>
  <div class='ocr_page' id='page_1' title='image "./oratorumromanor00meyegoog_0019.png"; bbox 0 0 2934 4846; ppageno 0'>
   <div class='ocr_carea' id='block_1_1' title="bbox 650 397 686 442">
    <p class='ocr_par' dir='ltr' id='par_1_1' title="bbox 650 397 686 442">
     <span class='ocr_line' id='line_1_1' title="bbox 650 397 686 442; baseline 0 0"><span class='ocrx_word' id='word_1_1' title='bbox 650 397 686 442; x_wconf 80' lang='lat' dir='ltr'><strong>IX</strong></span> 
     </span>
    </p>
   </div>
   <div class='ocr_carea' id='block_1_2' title="bbox 116 506 1222 861">
    <p class='ocr_par' dir='ltr' id='par_1_2' title="bbox 116 506 1222 861">
     <span class='ocr_line' id='line_1_2' title="bbox 116 506 1219 597; baseline 0.003 -18"><span class='ocrx_word' id='word_1_2' title='bbox 116 510 202 584; x_wconf 87' lang='lat' dir='ltr'><strong>fecit</strong></span> <span class='ocrx_word' id='word_1_3' title='bbox 216 511 321 582; x_wconf 87' lang='lat' dir='ltr'><strong>trium</strong></span> <span class='ocrx_word' id='word_1_4' title='bbox 333 527 527 597; x_wconf 89' lang='lat' dir='ltr'><strong>oratorum,</strong></span> <span class='ocrx_word' id='word_1_5' title='bbox 545 511 594 582; x_wconf 89' lang='grc' dir='ltr'><strong>Μ.</strong></span> <span class='ocrx_word' id='word_1_6' title='bbox 615 510 775 596; x_wconf 90' lang='lat' dir='ltr'><strong>Catonis,</strong></span> <span class='ocrx_word' id='word_1_7' title='bbox 793 509 835 580; x_wconf 93' lang='lat' dir='ltr'><strong>C.</strong></span> <span class='ocrx_word' id='word_1_8' title='bbox 855 506 1008 580; x_wconf 83' lang='lat' dir='ltr'>Gracchi</span> <span class='ocrx_word' id='word_1_9' title='bbox 1022 524 1057 579; x_wconf 89' lang='lat' dir='ltr'><strong>et</strong></span> <span class='ocrx_word' id='word_1_10' title='bbox 1076 509 1219 582; x_wconf 90' lang='lat' dir='ltr'><strong>Cicero·</strong></span> 
     </span>
     <span class='ocr_line' id='line_1_3' title="bbox 121 633 754 732; baseline 0 -27"><span class='ocrx_word' id='word_1_11' title='bbox 121 636 176 707; x_wconf 89' lang='lat' dir='ltr'><strong>nis</strong></span> <span class='ocrx_word' id='word_1_12' title='bbox 198 637 242 706; x_wconf 83' lang='lat' dir='ltr'><strong>A.</strong></span> <span class='ocrx_word' id='word_1_13' title='bbox 264 633 401 707; x_wconf 81' lang='lat' dir='ltr'>Gellius</span> <span class='ocrx_word' id='word_1_14' title='bbox 418 637 453 706; x_wconf 91' lang='lat' dir='ltr'><strong>in</strong></span> <span class='ocrx_word' id='word_1_15' title='bbox 472 659 550 732; x_wconf 89' lang='lat' dir='ltr'><strong>cap.</strong></span> <span class='ocrx_word' id='word_1_16' title='bbox 573 636 690 722; x_wconf 89' lang='lat' dir='ltr'><strong>3libri</strong></span> <span class='ocrx_word' id='word_1_17' title='bbox 707 637 754 706; x_wconf 84' lang='lat' dir='ltr'><strong>X.</strong></span> 
     </span>
     <span class='ocr_line' id='line_1_4' title="bbox 164 755 1222 861; baseline 0.001 -26"><span class='ocrx_word' id='word_1_18' title='bbox 164 755 311 844; x_wconf 81' lang='lat' dir='ltr'><strong>Deinde</strong></span> <span class='ocrx_word' id='word_1_19' title='bbox 337 780 492 836; x_wconf 89' lang='lat' dir='ltr'><strong>oratores</strong></span> <span class='ocrx_word' id='word_1_20' title='bbox 516 765 623 836; x_wconf 92' lang='lat' dir='ltr'><strong>medii</strong></span> <span class='ocrx_word' id='word_1_21' title='bbox 644 763 833 861; x_wconf 82' lang='lat' dir='ltr'><strong>perfectam</strong></span> <span class='ocrx_word' id='word_1_22' title='bbox 851 762 1062 860; x_wconf 77' lang='lat' dir='ltr'><strong>eloquentiae</strong></span> <span class='ocrx_word' id='word_1_23' title='bbox 1076 761 1222 836; x_wconf 87' lang='lat' dir='ltr'><strong>formam</strong></span> 
     </span>
    </p>
   </div>
   <div class='ocr_carea' id='block_1_3' title="bbox 115 889 1223 1106">
    <p class='ocr_par' dir='ltr' id='par_1_3' title="bbox 115 889 1223 1106">
     <span class='ocr_line' id='line_1_5' title="bbox 115 889 1221 989; baseline -0.002 -27"><span class='ocrx_word' id='word_1_24' title='bbox 115 909 370 987; x_wconf 83' lang='lat' dir='ltr'><strong>expresserunt</strong></span> <span class='ocrx_word' id='word_1_25' title='bbox 400 891 729 989; x_wconf 89' lang='lat' dir='ltr'><strong>pulcherrimasque</strong></span> <span class='ocrx_word' id='word_1_26' title='bbox 766 893 942 963; x_wconf 89' lang='lat' dir='ltr'><strong>orationes</strong></span> <span class='ocrx_word' id='word_1_27' title='bbox 973 889 1221 986; x_wconf 80' lang='lat' dir='ltr'><strong>elaborarunt.</strong></span> 
     </span>
     <span class='ocr_line' id='line_1_6' title="bbox 120 992 1223 1106; baseline 0 -22"><span class='ocrx_word' id='word_1_28' title='bbox 120 1017 226 1084; x_wconf 90' lang='lat' dir='ltr'><strong>Nunc</strong></span> <span class='ocrx_word' id='word_1_29' title='bbox 243 1013 451 1088; x_wconf 82' lang='lat' dir='ltr'><strong>Graecorum</strong></span> <span class='ocrx_word' id='word_1_30' title='bbox 467 992 652 1084; x_wconf 83' lang='lat' dir='ltr'><strong>rhetorum</strong></span> <span class='ocrx_word' id='word_1_31' title='bbox 665 1014 850 1106; x_wconf 85' lang='lat' dir='ltr'><strong>praeceptis</strong></span> <span class='ocrx_word' id='word_1_32' title='bbox 866 1012 1112 1086; x_wconf 80' lang='lat' dir='ltr'><strong>formabantur</strong></span> <span class='ocrx_word' id='word_1_33' title='bbox 1123 1013 1223 1085; x_wconf 85' lang='lat' dir='ltr'><strong>&#39;ado-</strong></span> 
     </span>
    </p>
   </div>
   <div class='ocr_carea' id='block_1_4' title="bbox 121 1137 1224 1234">
    <p class='ocr_par' dir='ltr' id='par_1_4' title="bbox 121 1137 1224 1234">
     <span class='ocr_line' id='line_1_7' title="bbox 121 1137 1224 1234; baseline 0.002 -22"><span class='ocrx_word' id='word_1_34' title='bbox 121 1140 331 1218; x_wconf 78' lang='lat' dir='ltr'><strong>lescemium</strong></span> <span class='ocrx_word' id='word_1_35' title='bbox 347 1141 488 1228; x_wconf 90' lang='lat' dir='ltr'><strong>studia;</strong></span> <span class='ocrx_word' id='word_1_36' title='bbox 506 1161 706 1210; x_wconf 89' lang='lat' dir='ltr'><strong>sermonem</strong></span> <span class='ocrx_word' id='word_1_37' title='bbox 719 1137 882 1208; x_wconf 85' lang='lat' dir='ltr'><strong>Latinum</strong></span> <span class='ocrx_word' id='word_1_38' title='bbox 895 1138 1018 1208; x_wconf 88' lang='lat' dir='ltr'><strong>eadem</strong></span> <span class='ocrx_word' id='word_1_39' title='bbox 1032 1140 1134 1234; x_wconf 90' lang='lat' dir='ltr'><strong>plane</strong></span> <span class='ocrx_word' id='word_1_40' title='bbox 1150 1158 1224 1214; x_wconf 90' lang='lat' dir='ltr'><strong>arte</strong></span> 
     </span>
    </p>
   </div>
   <div class='ocr_carea' id='block_1_5' title="bbox 122 1266 1304 3126">
    <p class='ocr_par' dir='ltr' id='par_1_5' title="bbox 122 1266 1304 3126">
     <span class='ocr_line' id='line_1_8' title="bbox 122 1266 1228 1366; baseline 0 -22"><span class='ocrx_word' id='word_1_41' title='bbox 122 1271 336 1356; x_wconf 88' lang='lat' dir='ltr'><strong>tractabant,</strong></span> <span class='ocrx_word' id='word_1_42' title='bbox 353 1293 421 1366; x_wconf 79' lang='lat' dir='ltr'><strong>qua</strong></span> <span class='ocrx_word' id='word_1_43' title='bbox 437 1269 563 1346; x_wconf 81' lang='lat' dir='ltr'><strong>Graeca</strong></span> <span class='ocrx_word' id='word_1_44' title='bbox 577 1267 694 1363; x_wconf 86' lang='lat' dir='ltr'><strong>lingua</strong></span> <span class='ocrx_word' id='word_1_45' title='bbox 709 1266 862 1366; x_wconf 87' lang='lat' dir='ltr'><strong>expolita</strong></span> <span class='ocrx_word' id='word_1_46' title='bbox 879 1285 966 1354; x_wconf 89' lang='lat' dir='ltr'><strong>erat,</strong></span> <span class='ocrx_word' id='word_1_47' title='bbox 986 1269 1228 1366; x_wconf 87' lang='lat' dir='ltr'><strong>partiebantur</strong></span> 
     </span>
     <span class='ocr_line' id='line_1_9' title="bbox 123 1394 1228 1492; baseline 0.001 -23"><span class='ocrx_word' id='word_1_48' title='bbox 123 1398 301 1471; x_wconf 88' lang='lat' dir='ltr'><strong>orationes</strong></span> <span class='ocrx_word' id='word_1_49' title='bbox 315 1419 413 1472; x_wconf 85' lang='lat' dir='ltr'><strong>mure</strong></span> <span class='ocrx_word' id='word_1_50' title='bbox 430 1395 647 1468; x_wconf 82' lang='lat' dir='ltr'><strong>Graecorum.</strong></span> <span class='ocrx_word' id='word_1_51' title='bbox 668 1397 712 1466; x_wconf 88' lang='lat' dir='ltr'><strong>Et</strong></span> <span class='ocrx_word' id='word_1_52' title='bbox 726 1397 807 1492; x_wconf 86' lang='lat' dir='ltr'><strong>quia</strong></span> <span class='ocrx_word' id='word_1_53' title='bbox 823 1397 858 1466; x_wconf 91' lang='lat' dir='ltr'><strong>in</strong></span> <span class='ocrx_word' id='word_1_54' title='bbox 873 1394 1052 1492; x_wconf 85' lang='lat' dir='ltr'><strong>republica</strong></span> <span class='ocrx_word' id='word_1_55' title='bbox 1067 1399 1228 1470; x_wconf 88' lang='lat' dir='ltr'><strong>Romana</strong></span> 
     </span>
     <span class='ocr_line' id='line_1_10' title="bbox 124 1515 1229 1616; baseline 0.001 -26"><span class='ocrx_word' id='word_1_56' title='bbox 124 1534 246 1591; x_wconf 90' lang='lat' dir='ltr'><strong>orator</strong></span> <span class='ocrx_word' id='word_1_57' title='bbox 273 1542 430 1603; x_wconf 87' lang='lat' dir='ltr'><strong>summus</strong></span> <span class='ocrx_word' id='word_1_58' title='bbox 460 1518 610 1589; x_wconf 86' lang='lat' dir='ltr'><strong>maxima</strong></span> <span class='ocrx_word' id='word_1_59' title='bbox 626 1520 833 1590; x_wconf 89' lang='lat' dir='ltr'><strong>auctoritate</strong></span> <span class='ocrx_word' id='word_1_60' title='bbox 857 1516 997 1602; x_wconf 87' lang='lat' dir='ltr'><strong>floruit,</strong></span> <span class='ocrx_word' id='word_1_61' title='bbox 1030 1515 1229 1616; x_wconf 83' lang='lat' dir='ltr'><strong>eloquentia</strong></span> 
     </span>
     <span class='ocr_line' id='line_1_11' title="bbox 126 1641 1229 1741; baseline 0.002 -27"><span class='ocrx_word' id='word_1_62' title='bbox 126 1645 214 1741; x_wconf 92' lang='lat' dir='ltr'><strong>ipsa,</strong></span> <span class='ocrx_word' id='word_1_63' title='bbox 230 1642 327 1715; x_wconf 92' lang='lat' dir='ltr'><strong>bona</strong></span> <span class='ocrx_word' id='word_1_64' title='bbox 345 1641 567 1714; x_wconf 84' lang='lat' dir='ltr'><strong>aemulationc</strong></span> <span class='ocrx_word' id='word_1_65' title='bbox 583 1657 689 1738; x_wconf 85' lang='lat' dir='ltr'><strong>atque</strong></span> <span class='ocrx_word' id='word_1_66' title='bbox 701 1643 929 1712; x_wconf 77' lang='lat' dir='ltr'><strong>contentione</strong></span> <span class='ocrx_word' id='word_1_67' title='bbox 939 1641 1128 1732; x_wconf 86' lang='lat' dir='ltr'><strong>elaborata,</strong></span> <span class='ocrx_word' id='word_1_68' title='bbox 1146 1669 1229 1716; x_wconf 83' lang='lat' dir='ltr'><strong>mox</strong></span> 
     </span>
     <span class='ocr_line' id='line_1_12' title="bbox 129 1764 1230 1862; baseline 0.003 -26"><span class='ocrx_word' id='word_1_69' title='bbox 129 1767 173 1838; x_wconf 89' lang='lat' dir='ltr'><strong>ad</strong></span> <span class='ocrx_word' id='word_1_70' title='bbox 200 1765 338 1836; x_wconf 90' lang='lat' dir='ltr'><strong>culmen</strong></span> <span class='ocrx_word' id='word_1_71' title='bbox 368 1766 529 1837; x_wconf 88' lang='lat' dir='ltr'><strong>accessit.</strong></span> <span class='ocrx_word' id='word_1_72' title='bbox 556 1765 681 1836; x_wconf 90' lang='lat' dir='ltr'><strong>Cicero</strong></span> <span class='ocrx_word' id='word_1_73' title='bbox 708 1764 849 1862; x_wconf 91' lang='lat' dir='ltr'><strong>quidem</strong></span> <span class='ocrx_word' id='word_1_74' title='bbox 877 1766 1066 1836; x_wconf 83' lang='lat' dir='ltr'><strong>maximam</strong></span> <span class='ocrx_word' id='word_1_75' title='bbox 1083 1764 1230 1860; x_wconf 84' lang='lat' dir='ltr'><strong>gloriam</strong></span> 
     </span>
     <span class='ocr_line' id='line_1_13' title="bbox 128 1868 1253 1988; baseline 0 -25"><span class='ocrx_word' id='word_1_76' title='bbox 128 1871 339 1964; x_wconf 79' lang='lat' dir='ltr'><strong>consecutus</strong></span> <span class='ocrx_word' id='word_1_77' title='bbox 357 1907 424 1974; x_wconf 91' lang='lat' dir='ltr'><strong>est,</strong></span> <span class='ocrx_word' id='word_1_78' title='bbox 454 1891 516 1962; x_wconf 89' lang='lat' dir='ltr'><strong>sed</strong></span> <span class='ocrx_word' id='word_1_79' title='bbox 533 1890 613 1988; x_wconf 91' lang='lat' dir='ltr'><strong>plus</strong></span> <span class='ocrx_word' id='word_1_80' title='bbox 634 1891 777 1986; x_wconf 78' lang='lat' dir='ltr'><strong>triginta</strong></span> <span class='ocrx_word' id='word_1_81' title='bbox 796 1890 861 1961; x_wconf 82' lang='lat' dir='ltr'><strong>viri</strong></span> <span class='ocrx_word' id='word_1_82' title='bbox 876 1893 952 1988; x_wconf 91' lang='lat' dir='ltr'><strong>pari</strong></span> <span class='ocrx_word' id='word_1_83' title='bbox 966 1890 1134 1962; x_wconf 86' lang='lat' dir='ltr'><strong>facultate</strong></span> <span class='ocrx_word' id='word_1_84' title='bbox 1151 1917 1231 1964; x_wconf 89' lang='lat' dir='ltr'><strong>ora·</strong></span> <span class='ocrx_word' id='word_1_85' title='bbox 1249 1868 1253 1874; x_wconf 27' lang='lat'>¹</span> 
     </span>
     <span class='ocr_line' id='line_1_14' title="bbox 129 2015 1230 2112; baseline 0 -22"><span class='ocrx_word' id='word_1_86' title='bbox 129 2017 218 2090; x_wconf 89' lang='lat' dir='ltr'><strong>toria</strong></span> <span class='ocrx_word' id='word_1_87' title='bbox 237 2017 455 2089; x_wconf 83' lang='lat' dir='ltr'><strong>eminebant.</strong></span> <span class='ocrx_word' id='word_1_88' title='bbox 475 2017 641 2092; x_wconf 88' lang='lat' dir='ltr'><strong>Similiter</strong></span> <span class='ocrx_word' id='word_1_89' title='bbox 658 2017 792 2088; x_wconf 88' lang='lat' dir='ltr'><strong>Seneca</strong></span> <span class='ocrx_word' id='word_1_90' title='bbox 808 2018 845 2086; x_wconf 93' lang='lat' dir='ltr'><strong>in</strong></span> <span class='ocrx_word' id='word_1_91' title='bbox 860 2015 1062 2112; x_wconf 70' lang='lat' dir='ltr'><strong>praefatione</strong></span> <span class='ocrx_word' id='word_1_92' title='bbox 1077 2018 1230 2090; x_wconf 90' lang='lat' dir='ltr'><strong>Contro-</strong></span> 
     </span>
     <span class='ocr_line' id='line_1_15' title="bbox 130 2142 1231 2241; baseline 0 -25"><span class='ocrx_word' id='word_1_93' title='bbox 130 2146 325 2220; x_wconf 72' lang='lat' dir='ltr'><strong>uersiarum</strong></span> <span class='ocrx_word' id='word_1_94' title='bbox 347 2145 465 2216; x_wconf 90' lang='lat' dir='ltr'><strong>dicit:</strong></span> <span class='ocrx_word' id='word_1_95' title='bbox 500 2142 688 2241; x_wconf 75' lang='lat' dir='ltr'><strong>Quidquid</strong></span> <span class='ocrx_word' id='word_1_96' title='bbox 711 2146 875 2214; x_wconf 81' lang='lat' dir='ltr'><strong>Romano</strong></span> <span class='ocrx_word' id='word_1_97' title='bbox 900 2142 1076 2231; x_wconf 73' lang='lat' dir='ltr'><strong>secundm</strong></span> <span class='ocrx_word' id='word_1_98' title='bbox 1103 2142 1231 2234; x_wconf 77' lang='lat' dir='ltr'><strong>babet,</strong></span> 
     </span>
     <span class='ocr_line' id='line_1_16' title="bbox 132 2241 1227 2370; baseline 0.003 -30"><span class='ocrx_word' id='word_1_99' title='bbox 132 2269 233 2370; x_wconf 85' lang='lat' dir='ltr'><strong>qnod</strong></span> <span class='ocrx_word' id='word_1_100' title='bbox 241 2269 408 2360; x_wconf 65' lang='lat' dir='ltr'><strong>absalomi</strong></span> <span class='ocrx_word' id='word_1_101' title='bbox 424 2241 580 2342; x_wconf 75' lang='lat' dir='ltr'><strong>Grmcrie</strong></span> <span class='ocrx_word' id='word_1_102' title='bbox 592 2281 655 2341; x_wconf 81' lang='lat' dir='ltr'><strong>ant</strong></span> <span class='ocrx_word' id='word_1_103' title='bbox 675 2282 830 2370; x_wconf 76' lang='lat' dir='ltr'><strong>apportat</strong></span> <span class='ocrx_word' id='word_1_104' title='bbox 843 2280 909 2340; x_wconf 83' lang='lat' dir='ltr'><strong>out</strong></span> <span class='ocrx_word' id='word_1_105' title='bbox 918 2271 1110 2370; x_wconf 78' lang='lat' dir='ltr'><strong>proeserat,</strong></span> <span class='ocrx_word' id='word_1_106' title='bbox 1129 2277 1227 2343; x_wconf 84' lang='lat' dir='ltr'><strong>circa</strong></span> 
     </span>
     <span class='ocr_line' id='line_1_17' title="bbox 135 2398 1234 2498; baseline -0.005 -25"><span class='ocrx_word' id='word_1_107' title='bbox 135 2402 341 2473; x_wconf 73' lang='lat' dir='ltr'><strong>Ciceronem</strong></span> <span class='ocrx_word' id='word_1_108' title='bbox 358 2399 530 2496; x_wconf 66' lang='lat' dir='ltr'><strong>effloruit.</strong></span> <span class='ocrx_word' id='word_1_109' title='bbox 554 2398 687 2472; x_wconf 82' lang='lat' dir='ltr'><strong>Omnia</strong></span> <span class='ocrx_word' id='word_1_110' title='bbox 702 2399 860 2495; x_wconf 69' lang='lat' dir='ltr'><strong>ingentia,</strong></span> <span class='ocrx_word' id='word_1_111' title='bbox 878 2424 959 2498; x_wconf 83' lang='lat' dir='ltr'><strong>quoe</strong></span> <span class='ocrx_word' id='word_1_112' title='bbox 979 2398 1092 2470; x_wconf 81' lang='lat' dir='ltr'><strong>lucem</strong></span> <span class='ocrx_word' id='word_1_113' title='bbox 1108 2401 1234 2472; x_wconf 70' lang='lat' dir='ltr'><strong>matris</strong></span> 
     </span>
     <span class='ocr_line' id='line_1_18' title="bbox 129 2523 1231 2614; baseline 0.003 -18"><span class='ocrx_word' id='word_1_114' title='bbox 129 2525 255 2602; x_wconf 72' lang='lat' dir='ltr'><strong>stadis</strong></span> <span class='ocrx_word' id='word_1_115' title='bbox 271 2525 476 2610; x_wconf 76' lang='lat' dir='ltr'><strong>attulerant,</strong></span> <span class='ocrx_word' id='word_1_116' title='bbox 492 2538 576 2598; x_wconf 82' lang='lat' dir='ltr'><strong>tunc</strong></span> <span class='ocrx_word' id='word_1_117' title='bbox 588 2534 778 2596; x_wconf 79' lang='lat' dir='ltr'><strong>natarunt.</strong></span> <span class='ocrx_word' id='word_1_118' title='bbox 796 2523 845 2593; x_wconf 87' lang='lat' dir='ltr'><strong>M.</strong></span> <span class='ocrx_word' id='word_1_119' title='bbox 859 2526 1051 2608; x_wconf 83' lang='lat' dir='ltr'><strong>Antonius,</strong></span> <span class='ocrx_word' id='word_1_120' title='bbox 1068 2525 1231 2614; x_wconf 91' lang='lat' dir='ltr'><strong>Crassus,</strong></span> 
     </span>
     <span class='ocr_line' id='line_1_19' title="bbox 135 2648 1232 2750; baseline 0 -24"><span class='ocrx_word' id='word_1_121' title='bbox 135 2654 259 2726; x_wconf 86' lang='lat' dir='ltr'><strong>Caesar</strong></span> <span class='ocrx_word' id='word_1_122' title='bbox 285 2653 426 2739; x_wconf 90' lang='lat' dir='ltr'><strong>Strabo,</strong></span> <span class='ocrx_word' id='word_1_123' title='bbox 444 2653 566 2738; x_wconf 88' lang='lat' dir='ltr'><strong>Cotta,</strong></span> <span class='ocrx_word' id='word_1_124' title='bbox 597 2652 635 2723; x_wconf 92' lang='lat' dir='ltr'><strong>P.</strong></span> <span class='ocrx_word' id='word_1_125' title='bbox 666 2649 841 2746; x_wconf 86' lang='lat' dir='ltr'><strong>Sulpicius</strong></span> <span class='ocrx_word' id='word_1_126' title='bbox 868 2648 999 2735; x_wconf 83' lang='lat' dir='ltr'><strong>Rufus,</strong></span> <span class='ocrx_word' id='word_1_127' title='bbox 1019 2649 1157 2734; x_wconf 84' lang='lat' dir='ltr'><strong>Carbo,</strong></span> <span class='ocrx_word' id='word_1_128' title='bbox 1188 2656 1232 2750; x_wconf 91' lang='lat' dir='ltr'><strong>Q.</strong></span> 
     </span>
     <span class='ocr_line' id='line_1_20' title="bbox 135 2768 1304 2866; baseline -0.005 -14"><span class='ocrx_word' id='word_1_129' title='bbox 135 2776 364 2862; x_wconf 85' lang='lat' dir='ltr'><strong>Hortensius,</strong></span> <span class='ocrx_word' id='word_1_130' title='bbox 380 2777 431 2848; x_wconf 91' lang='grc' dir='ltr'><strong>Μ.</strong></span> <span class='ocrx_word' id='word_1_131' title='bbox 445 2771 612 2858; x_wconf 90' lang='lat' dir='ltr'><strong>Calidius,</strong></span> <span class='ocrx_word' id='word_1_132' title='bbox 624 2773 701 2844; x_wconf 91' lang='lat' dir='ltr'><strong>Ser.</strong></span> <span class='ocrx_word' id='word_1_133' title='bbox 715 2769 812 2866; x_wconf 89' lang='lat' dir='ltr'><strong>Sulp.</strong></span> <span class='ocrx_word' id='word_1_134' title='bbox 827 2769 954 2866; x_wconf 73' lang='lat' dir='ltr'><strong>Rufus,</strong></span> <span class='ocrx_word' id='word_1_135' title='bbox 968 2772 989 2840; x_wconf 87' lang='lat' dir='ltr'>J</span> <span class='ocrx_word' id='word_1_136' title='bbox 993 2768 1085 2842; x_wconf 93' lang='lat' dir='ltr'><strong>ulius</strong></span> <span class='ocrx_word' id='word_1_137' title='bbox 1101 2773 1232 2862; x_wconf 78' lang='lat' dir='ltr'><strong>Cacsar,</strong></span> <span class='ocrx_word' id='word_1_138' title='bbox 1302 2852 1304 2859; x_wconf 26' lang='grc' dir='ltr'>Ι</span> 
     </span>
     <span class='ocr_line' id='line_1_21' title="bbox 136 2893 1235 2988; baseline -0.002 -14"><span class='ocrx_word' id='word_1_139' title='bbox 136 2900 285 2988; x_wconf 86' lang='lat' dir='ltr'><strong>Coelius,</strong></span> <span class='ocrx_word' id='word_1_140' title='bbox 308 2899 459 2988; x_wconf 87' lang='lat' dir='ltr'><strong>Calvus,</strong></span> <span class='ocrx_word' id='word_1_141' title='bbox 485 2901 536 2970; x_wconf 91' lang='lat' dir='ltr'><strong>M.</strong></span> <span class='ocrx_word' id='word_1_142' title='bbox 562 2899 714 2983; x_wconf 91' lang='lat' dir='ltr'><strong>Brutus,</strong></span> <span class='ocrx_word' id='word_1_143' title='bbox 738 2895 880 2966; x_wconf 85' lang='lat' dir='ltr'><strong>Asinius</strong></span> <span class='ocrx_word' id='word_1_144' title='bbox 898 2893 1010 2966; x_wconf 88' lang='lat' dir='ltr'><strong>Pollio</strong></span> <span class='ocrx_word' id='word_1_145' title='bbox 1033 2911 1069 2966; x_wconf 89' lang='lat' dir='ltr'><strong>et</strong></span> <span class='ocrx_word' id='word_1_146' title='bbox 1090 2897 1235 2972; x_wconf 90' lang='lat' dir='ltr'><strong>Messala</strong></span> 
     </span>
     <span class='ocr_line' id='line_1_22' title="bbox 135 3007 1236 3126; baseline 0.001 -26"><span class='ocrx_word' id='word_1_147' title='bbox 135 3028 314 3101; x_wconf 82' lang='lat' dir='ltr'><strong>Corvinus</strong></span> <span class='ocrx_word' id='word_1_148' title='bbox 324 3031 426 3125; x_wconf 86' lang='lat' dir='ltr'><strong>juxta</strong></span> <span class='ocrx_word' id='word_1_149' title='bbox 443 3027 654 3100; x_wconf 85' lang='lat' dir='ltr'><strong>Ciceronem</strong></span> <span class='ocrx_word' id='word_1_150' title='bbox 680 3025 791 3096; x_wconf 89' lang='lat' dir='ltr'><strong>fuere.</strong></span> <span class='ocrx_word' id='word_1_151' title='bbox 809 3007 972 3122; x_wconf 87' lang='lat' dir='ltr'><strong>Plerique</strong></span> <span class='ocrx_word' id='word_1_152' title='bbox 990 3049 1114 3098; x_wconf 92' lang='lat' dir='ltr'><strong>eorum</strong></span> <span class='ocrx_word' id='word_1_153' title='bbox 1125 3029 1236 3126; x_wconf 87' lang='lat' dir='ltr'><strong>perfe-</strong></span> 
     </span>
    </p>
   </div>
   <div class='ocr_carea' id='block_1_6' title="bbox 136 3146 1290 3363">
    <p class='ocr_par' dir='ltr' id='par_1_6' title="bbox 136 3146 1290 3363">
     <span class='ocr_line' id='line_1_23' title="bbox 136 3146 1290 3238; baseline 0.002 -14"><span class='ocrx_word' id='word_1_154' title='bbox 136 3154 184 3224; x_wconf 91' lang='lat' dir='ltr'><strong>cti</strong></span> <span class='ocrx_word' id='word_1_155' title='bbox 201 3153 346 3226; x_wconf 87' lang='lat' dir='ltr'><strong>fuerunt</strong></span> <span class='ocrx_word' id='word_1_156' title='bbox 360 3169 534 3238; x_wconf 88' lang='lat' dir='ltr'><strong>oratores,</strong></span> <span class='ocrx_word' id='word_1_157' title='bbox 551 3166 588 3222; x_wconf 89' lang='lat' dir='ltr'><strong>et</strong></span> <span class='ocrx_word' id='word_1_158' title='bbox 603 3146 779 3222; x_wconf 89' lang='lat' dir='ltr'><strong>distabant</strong></span> <span class='ocrx_word' id='word_1_159' title='bbox 795 3150 888 3222; x_wconf 89' lang='lat' dir='ltr'><strong>inter</strong></span> <span class='ocrx_word' id='word_1_160' title='bbox 900 3173 937 3220; x_wconf 90' lang='lat' dir='ltr'><strong>se</strong></span> <span class='ocrx_word' id='word_1_161' title='bbox 952 3149 1085 3222; x_wconf 90' lang='lat' dir='ltr'><strong>viribus</strong></span> <span class='ocrx_word' id='word_1_162' title='bbox 1098 3168 1235 3226; x_wconf 89' lang='lat' dir='ltr'><strong>tantum</strong></span> <span class='ocrx_word' id='word_1_163' title='bbox 1284 3197 1290 3206; x_wconf 91' lang='lat'><em>·</em></span> 
     </span>
     <span class='ocr_line' id='line_1_24' title="bbox 138 3270 1233 3363; baseline -0.001 -18"><span class='ocrx_word' id='word_1_164' title='bbox 138 3290 197 3346; x_wconf 89' lang='lat' dir='ltr'><strong>aut</strong></span> <span class='ocrx_word' id='word_1_165' title='bbox 213 3273 424 3346; x_wconf 83' lang='lat' dir='ltr'><strong>urbanitate.</strong></span> <span class='ocrx_word' id='word_1_166' title='bbox 441 3277 527 3343; x_wconf 84' lang='lat' dir='ltr'><strong>Arte</strong></span> <span class='ocrx_word' id='word_1_167' title='bbox 544 3289 659 3343; x_wconf 90' lang='lat' dir='ltr'><strong>tamen</strong></span> <span class='ocrx_word' id='word_1_168' title='bbox 678 3270 803 3342; x_wconf 87' lang='lat' dir='ltr'><strong>Cicero</strong></span> <span class='ocrx_word' id='word_1_169' title='bbox 819 3293 976 3340; x_wconf 92' lang='lat' dir='ltr'><strong>summus</strong></span> <span class='ocrx_word' id='word_1_170' title='bbox 990 3294 1066 3344; x_wconf 90' lang='lat' dir='ltr'><strong>esse</strong></span> <span class='ocrx_word' id='word_1_171' title='bbox 1080 3274 1233 3363; x_wconf 85' lang='lat' dir='ltr'><strong>videtur,</strong></span> 
     </span>
    </p>
   </div>
   <div class='ocr_carea' id='block_1_7' title="bbox 138 3393 1238 3868">
    <p class='ocr_par' dir='ltr' id='par_1_7' title="bbox 138 3393 1238 3868">
     <span class='ocr_line' id='line_1_25' title="bbox 138 3393 1235 3495; baseline 0 -25"><span class='ocrx_word' id='word_1_172' title='bbox 138 3415 244 3495; x_wconf 88' lang='lat' dir='ltr'><strong>atque</strong></span> <span class='ocrx_word' id='word_1_173' title='bbox 265 3398 472 3494; x_wconf 86' lang='lat' dir='ltr'><strong>compositio</strong></span> <span class='ocrx_word' id='word_1_174' title='bbox 502 3399 576 3492; x_wconf 85' lang='lat' dir='ltr'><strong>ejus</strong></span> <span class='ocrx_word' id='word_1_175' title='bbox 604 3411 640 3465; x_wconf 87' lang='lat' dir='ltr'><strong>et</strong></span> <span class='ocrx_word' id='word_1_176' title='bbox 668 3393 801 3464; x_wconf 92' lang='lat' dir='ltr'><strong>numeri</strong></span> <span class='ocrx_word' id='word_1_177' title='bbox 830 3393 972 3464; x_wconf 88' lang='lat' dir='ltr'><strong>oratorii</strong></span> <span class='ocrx_word' id='word_1_178' title='bbox 996 3395 1235 3470; x_wconf 83' lang='lat' dir='ltr'><strong>aemulatorem</strong></span> 
     </span>
     <span class='ocr_line' id='line_1_26' title="bbox 138 3513 1234 3612; baseline 0.003 -21"><span class='ocrx_word' id='word_1_179' title='bbox 138 3521 304 3598; x_wconf 88' lang='lat' dir='ltr'><strong>Isocratis</strong></span> <span class='ocrx_word' id='word_1_180' title='bbox 317 3519 486 3604; x_wconf 87' lang='lat' dir='ltr'><strong>indicant.</strong></span> <span class='ocrx_word' id='word_1_181' title='bbox 503 3518 699 3588; x_wconf 86' lang='lat' dir='ltr'><strong>Memoratu</strong></span> <span class='ocrx_word' id='word_1_182' title='bbox 710 3530 827 3586; x_wconf 88' lang='lat' dir='ltr'><strong>autem</strong></span> <span class='ocrx_word' id='word_1_183' title='bbox 840 3513 999 3612; x_wconf 88' lang='lat' dir='ltr'><strong>profecto</strong></span> <span class='ocrx_word' id='word_1_184' title='bbox 1013 3516 1155 3612; x_wconf 83' lang='lat' dir='ltr'><strong>dignum</strong></span> <span class='ocrx_word' id='word_1_185' title='bbox 1167 3539 1234 3611; x_wconf 88' lang='lat' dir='ltr'><strong>est,</strong></span> 
     </span>
     <span class='ocr_line' id='line_1_27' title="bbox 138 3641 1237 3741; baseline 0.003 -23"><span class='ocrx_word' id='word_1_186' title='bbox 138 3649 234 3727; x_wconf 86' lang='lat' dir='ltr'><strong>inter</strong></span> <span class='ocrx_word' id='word_1_187' title='bbox 257 3662 415 3718; x_wconf 85' lang='lat' dir='ltr'><strong>oratores</strong></span> <span class='ocrx_word' id='word_1_188' title='bbox 438 3641 580 3733; x_wconf 81' lang='lat' dir='ltr'><strong>illorum</strong></span> <span class='ocrx_word' id='word_1_189' title='bbox 592 3659 794 3739; x_wconf 85' lang='lat' dir='ltr'><strong>temporum</strong></span> <span class='ocrx_word' id='word_1_190' title='bbox 816 3641 965 3731; x_wconf 87' lang='lat' dir='ltr'><strong>ambisse</strong></span> <span class='ocrx_word' id='word_1_191' title='bbox 990 3643 1138 3741; x_wconf 86' lang='lat' dir='ltr'><strong>palmam</strong></span> <span class='ocrx_word' id='word_1_192' title='bbox 1167 3650 1237 3723; x_wconf 91' lang='lat' dir='ltr'><strong>elo·</strong></span> 
     </span>
     <span class='ocr_line' id='line_1_28' title="bbox 139 3769 1238 3868; baseline 0.004 -26"><span class='ocrx_word' id='word_1_193' title='bbox 139 3772 294 3868; x_wconf 82' lang='lat' dir='ltr'><strong>quentiae</strong></span> <span class='ocrx_word' id='word_1_194' title='bbox 311 3771 418 3842; x_wconf 85' lang='lat' dir='ltr'><strong>etiam</strong></span> <span class='ocrx_word' id='word_1_195' title='bbox 436 3784 635 3859; x_wconf 86' lang='lat' dir='ltr'><strong>matronam</strong></span> <span class='ocrx_word' id='word_1_196' title='bbox 656 3769 862 3855; x_wconf 85' lang='lat' dir='ltr'><strong>Romanam,</strong></span> <span class='ocrx_word' id='word_1_197' title='bbox 889 3769 1085 3860; x_wconf 87' lang='lat' dir='ltr'><strong>Hortensii,</strong></span> <span class='ocrx_word' id='word_1_198' title='bbox 1113 3778 1238 3848; x_wconf 90' lang='lat' dir='ltr'><strong>summi</strong></span> 
     </span>
    </p>
   </div>
   <div class='ocr_carea' id='block_1_8' title="bbox 142 3883 1368 3990">
    <p class='ocr_par' dir='ltr' id='par_1_8' title="bbox 142 3883 1368 3990">
     <span class='ocr_line' id='line_1_29' title="bbox 142 3883 1368 3990; baseline 0.002 -25"><span class='ocrx_word' id='word_1_199' title='bbox 142 3896 308 3983; x_wconf 86' lang='lat' dir='ltr'><strong>oratoris,</strong></span> <span class='ocrx_word' id='word_1_200' title='bbox 324 3892 444 3982; x_wconf 81' lang='lat' dir='ltr'><strong>frliam,</strong></span> <span class='ocrx_word' id='word_1_201' title='bbox 467 3883 696 3990; x_wconf 11' lang='lat' dir='ltr'><strong>cujustoratio</strong></span> <span class='ocrx_word' id='word_1_202' title='bbox 714 3891 806 3988; x_wconf 87' lang='lat' dir='ltr'><strong>apud</strong></span> <span class='ocrx_word' id='word_1_203' title='bbox 829 3894 1033 3968; x_wconf 88' lang='lat' dir='ltr'><strong>triumviros</strong></span> <span class='ocrx_word' id='word_1_204' title='bbox 1047 3896 1165 3969; x_wconf 88' lang='lat' dir='ltr'><strong>habita</strong></span> <span class='ocrx_word' id='word_1_205' title='bbox 1186 3898 1235 3970; x_wconf 87' lang='lat' dir='ltr'><strong>le·</strong></span> <span class='ocrx_word' id='word_1_206' title='bbox 1343 3928 1368 3948; x_wconf 91' lang='lat'><strong>-·</strong></span> 
     </span>
    </p>
   </div>
   <div class='ocr_carea' id='block_1_9' title="bbox 142 4014 958 4118">
    <p class='ocr_par' dir='ltr' id='par_1_9' title="bbox 142 4014 958 4118">
     <span class='ocr_line' id='line_1_30' title="bbox 142 4014 958 4118; baseline 0.001 -31"><span class='ocrx_word' id='word_1_207' title='bbox 142 4015 289 4110; x_wconf 81' lang='lat' dir='ltr'><strong>gebatur</strong></span> <span class='ocrx_word' id='word_1_208' title='bbox 304 4042 377 4091; x_wconf 91' lang='lat' dir='ltr'><strong>non</strong></span> <span class='ocrx_word' id='word_1_209' title='bbox 401 4031 539 4116; x_wconf 78' lang='lat' dir='ltr'><strong>tantum</strong></span> <span class='ocrx_word' id='word_1_210' title='bbox 551 4017 594 4118; x_wconf 87' lang='lat' dir='ltr'><strong>in</strong></span> <span class='ocrx_word' id='word_1_211' title='bbox 611 4039 717 4118; x_wconf 83' lang='lat' dir='ltr'><strong>sexus</strong></span> <span class='ocrx_word' id='word_1_212' title='bbox 735 4014 919 4088; x_wconf 91' lang='lat' dir='ltr'><strong>honorem.</strong></span> <span class='ocrx_word' id='word_1_213' title='bbox 957 4101 958 4104; x_wconf 8' lang='grc' dir='ltr'><strong>Ἴ</strong></span> 
     </span>
    </p>
   </div>
   <div class='ocr_carea' id='block_1_10' title="bbox 0 0 1496 4846">
    <p class='ocr_par' dir='ltr' id='par_1_10' title="bbox 0 0 1496 4846">
     <span class='ocr_line' id='line_1_31' title="bbox 0 0 1496 4846; baseline 0 0"><span class='ocrx_word' id='word_1_214' title='bbox 0 0 1496 4846; x_wconf 95' lang='lat' dir='ltr'><strong> </strong></span> 
     </span>
    </p>
   </div>
  </div>
 </body>
</html>
