2916 4838
724 335 795 410 270

210 483 407 559 consignatos
422 473 567 562 reliquit?
580 475 671 557 Qrsod
682 477 746 534 nisi
757 469 905 553 puberem
916 482 958 544 te,
971 465 1085 550 inquii,
1089 462 1165 549 jam
1178 461 1313 541 baberet,

209 591 350 661 quartum
364 574 389 634 li
391 574 479 634 hrum
492 576 723 653 composuisset,
734 584 764 631 et
774 589 809 631 se
818 571 914 629 etinm
923 569 954 624 in
966 564 1084 625 balneis
1092 563 1231 624 locutum
1241 584 1316 624 cum

199 672 273 754 silio
285 676 429 752 scriptum
442 671 624 756 reliquisset.
643 669 722 752 Quis
738 679 785 730 eet
804 663 913 746 igitur,
933 663 986 746 qui
1005 683 1069 725 non
1087 660 1235 738 fateatur,
1255 661 1315 722 boc

209 768 317 852 lepore
330 781 423 850 atquo
436 765 487 830 his
499 763 621 832 iaoeuis
630 786 694 829 non
707 764 809 828 minus
823 763 991 826 refutatum
1001 779 1067 822 esse
1077 761 1206 820 Brutum
1219 777 1312 840 qnam

208 867 272 929 illis
287 866 456 945 tragoediis,
473 883 549 948 qaas
562 865 627 945 egit
640 864 734 938 idem,
750 882 822 926 cum
837 881 911 928 nasa
923 862 958 924 in
971 860 1080 923 eadem
1093 877 1189 920 cansa
1199 858 1309 920 iuuere

208 964 372 1027 efferretur
392 983 469 1027 anus
487 964 593 1042 iunia,
608 982 679 1026 oum
700 957 851 1044 conjectis
869 955 979 1032 oeulis,
998 967 1086 1037 gestu
1104 956 1191 1020 omni
1209 952 1313 1018 immi·

209 1058 999 1142 nenti,snmmagravitateotoeleritnteverbomms
1008 1052 1316 1138 Bnne‚qnidsedes)

208 1163 374 1248 qra'dillam
383 1185 478 1224 onum
483 1169 568 1244 patri
577 1167 714 1224 mundare
724 1168 775 1223 nis
785 1160 942 1246 tuaiquid
951 1158 1011 1218 illis
1020 1158 1174 1230 omnibns,
1184 1175 1317 1241 querum

208 1268 361 1349 insagines
381 1266 450 1326 duci
468 1259 585 1325 nidos?
601 1265 678 1349 qnid
693 1257 867 1345 majoribus
886 1257 971 1322 tuis?
991 1259 1069 1343 quid
1083 1257 1124 1317 L.
1136 1259 1246 1327 Bmto,
1264 1261 1317 1342 qni

208 1363 286 1424 banc
297 1366 446 1444 populum
459 1365 618 1426 dominatu
636 1366 725 1444 regio
739 1359 902 1424 liberavit?
915 1360 993 1445 qnid
1004 1361 1165 1440 testrcere,
1185 1361 1238 1418 cui
1253 1362 1314 1432 rei,

208 1467 261 1523 cni
271 1463 393 1543 gloria,
404 1467 454 1522 cni
468 1466 573 1523 virtuti
585 1459 730 1523 studere?
740 1461 977 1521 Patrimonione
988 1457 1126 1538 augendo
1136 1453 1153 1515 2
1165 1469 1196 1516 αι
1209 1456 1245 1514 id
1254 1475 1317 1518 non

208 1580 257 1626 est
268 1563 446 1626 nobilitatis.
461 1564 526 1626 Sed
531 1565 594 1645 foc
611 1583 691 1638 esse,
707 1560 789 1622 nibil
807 1576 944 1640 superne
950 1587 966 1638 ,-
981 1558 1127 1620 libidines
1139 1571 1236 1618 totum
1249 1559 1315 1618 dis·

208 1665 387 1740 ripaeorum.
402 1661 456 1720 An
464 1655 535 1744 juri
546 1661 632 1722 civili
642 1658 717 1723 lest
728 1673 903 1740 patenusm.
920 1657 986 1719 Sed
996 1658 1088 1730 dicet,
1099 1673 1139 1732 te,
1150 1676 1221 1716 cum
1231 1656 1316 1718 cedes

208 1759 371 1828 venderes,
384 1778 425 1818 ne
438 1763 471 1818 in
486 1762 562 1820 rutis
575 1757 698 1843 quidem
712 1772 742 1818 et
756 1761 849 1820 caesis
861 1756 975 1818 solium
988 1753 1045 1816 tibi
1055 1767 1220 1834 paternum
1231 1773 1316 1814 rece·

206 1862 299 1939 pisse.
316 1860 370 1919 An
384 1865 432 1920 roi
446 1857 603 1920 militari?
625 1862 679 1944 qni
692 1879 847 1943 nonquam
862 1872 964 1918 castra
976 1855 1116 1917 videris!
1125 1877 1166 1915 nn
1176 1855 1315 1941 eloquen-

208 1959 287 2022 tias'l
300 1983 370 2046 quoe
384 1960 468 2020 nulla
481 1974 527 2022 est
541 1966 574 2020 in
588 1975 617 2020 te
623 1983 639 2037 ,·
658 1975 689 2020 et
706 1961 856 2045 quidquid
866 1973 913 2021 est
927 1964 1015 2020 oocis
1027 1979 1066 2018 ao
1080 1958 1209 2040 linguae,
1224 1979 1316 2018 omne

209 2063 242 2118 in
262 2064 357 2119 istum
377 2063 584 2140 turpissimum
604 2059 765 2120 calnmrrioe
784 2073 937 2144 quasnam
957 2058 1119 2118 contidisti.
1142 2057 1189 2116 Tn
1211 2058 1314 2118 mmm

114 2195 182 2268 156
206 2160 346 2237 aspicere
357 2157 519 2218 aedesio
531 2157 586 2216 lios
601 2160 713 2216 intueri
724 2154 741 2214 l
755 2169 786 2215 tn
799 2160 831 2214 in
834 2157 928 2237 scrin,
937 2170 970 2215 tu
983 2160 1015 2214 in
1026 2155 1112 2229 urbe,
1122 2169 1153 2214 tn
1162 2159 1195 2214 in
1205 2159 1315 2216 civium

209 2274 279 2316 esse
291 2252 481 2333 conspectu?
492 2269 523 2313 tn
534 2253 622 2312 illam
637 2267 800 2327 monitam,
812 2268 843 2312 ιιι
855 2257 1011 2334 imagines
1022 2257 1107 2331 ipsos
1117 2273 1178 2314 non
1188 2251 1315 2331 perior*-

209 2358 306 2417 resois
316 2353 333 2414 l
342 2353 450 2442 unibus
460 2373 522 2416 non
536 2355 629 2414 modo
639 2355 875 2429 imitandis‚sed
885 2375 924 2414 ne
933 2355 1118 2414 collocandis
1127 2356 1248 2438 qnidam
1257 2355 1317 2416 tibi

149 2453 151 2460 '
208 2452 303 2511 ullum
325 2451 429 2513 houm
442 2449 616 2535 reliquisti!
629 2483 674 2500 --
694 2449 784 2514 Coni.
802 2449 870 2514 Cic.
889 2451 947 2512 Or.
971 2469 1028 2534 pro
1044 2450 1165 2514 Cluent.
1194 2471 1225 2513 c.
1253 2451 1311 2526 ὑί,

214 2551 276 2616 ιιι
294 2579 303 2634 ;
319 2551 455 2638 Qatnu.
464 2556 523 2629 v1‚
535 2553 569 2628 s,
580 2552 633 2614 ιι.

243 2717 407 2770 contraria...
427 2715 536 2790 oapi'la]
554 2717 610 2770 Cur
623 2718 651 2770 in
663 2715 781 2770 oratione
795 2714 827 2768 de
840 2714 942 2770 colonia
956 2715 1123 2770 Narbonensi
1135 2728 1163 2769 et
1175 2715 1233 2788 lege
1246 2713 1312 2769 Ser·

280 2799 343 2852 viiia
358 2801 490 2853 contraria
502 2800 573 2853 inter
591 2820 619 2854 so
633 2800 719 2872 posita
732 2800 842 2866 fuerint,
861 2817 894 2852 ex
910 2799 968 2852 Cic.
990 2802 1038 2853 Or.
1057 2819 1085 2873 p.
1103 2799 1214 2854 Cluent.
1232 2818 1257 2852 c.
1278 2797 1309 2850 51

277 2877 345 2934 disci
364 2893 453 2953 potest
468 2903 475 2934 ι
490 2883 546 2934 «ln
557 2881 722 2935 dissuasione
742 2882 885 2956 rogationis
898 2880 967 2954 ejus,
990 2901 1049 2954 quae
1067 2895 1159 2936 contin
1182 2881 1314 2936 coloniam

278 2967 479 3020 Narbonensem
492 2967 626 3021 ferebatur
648 2969 681 3036 (a
693 2968 814 3035 senatu),
832 2981 962 3039 quantum
980 2981 1077 3048 potest,
1100 2969 1133 3024 de
1154 2969 1313 3024 auctoritate

280 3065 389 3107 senatus
408 3054 524 3108 detrabit
547 3076 553 3107 ι
573 3055 602 3108 ίιι
624 3056 748 3110 suasione
768 3055 835 3128 legis
857 3056 976 3109 Serviliae
1000 3059 1115 3129 (quain
1135 3070 1256 3112 senatum
1278 3056 1313 3112 ab

277 3142 395 3211 equestri
407 3140 500 3196 ordine
515 3139 617 3213 judicia
638 3142 879 3213 miserebantur)
893 3145 1004 3202 summis
1023 3157 1101 3198 ornat
1114 3158 1237 3200 senatum
1252 3144 1311 3198 lau·

277 3222 441 3278 dibus.»1n
461 3224 545 3278 altera
565 3243 628 3298 ergo
643 3226 762 3280 oratione
782 3239 875 3282 contra
891 3239 1015 3306 senatum
1031 3229 1094 3304 egit,
1115 3228 1144 3284 in
1166 3228 1248 3282 altera
1263 3247 1314 3302 pro

267 3323 381 3367 ⁴senatu.

567 3535 618 3598 11.
634 3556 747 3602 onurro
760 3557 818 3603 sno
833 3557 948 3603 riwin.

246 3753 317 3846 Cio.
332 3756 473 3821 Deerat.
491 3759 537 3836 11,
558 3760 610 3836 70,
634 3759 718 3825 2852
742 3761 809 3827 Hoo
831 3777 907 3823 vero
932 3759 1036 3823 Crassi
1059 3757 1140 3822 nihil
1168 3757 1313 3824 facetius.·

158 3939 163 3947 ,
204 3854 283 3922 Cum
295 3857 421 3922 lenisset
438 3861 526 3925 testis
538 3861 619 3926 Silus
631 3853 789 3938 Pisonem,
804 3853 888 3945 quod
902 3881 937 3925 se
950 3861 984 3923 in
999 3881 1069 3924 enm
1083 3862 1204 3926 audisse
1217 3858 1312 3924 dixin

204 3973 269 4024 set:
280 3959 387 4023 Potest
392 3962 482 4043 fieri,
495 3963 608 4045 inquit,
626 3963 703 4037 Sile,
719 3977 752 4022 ιιι
768 3970 806 4040 is,
828 3964 907 4024 node
919 3977 948 4024 te
962 3963 1085 4026 malisse
1099 3965 1192 4039 dicis,
1217 3969 1314 4024 iratus

203 4057 332 4128 dixerit.
353 4056 474 4121 Annuit
487 4057 582 4122 Silus.
596 4060 704 4119 Potest
715 4065 825 4136 etiam,
841 4075 873 4119 ιιι
884 4075 915 4120 ιιι
936 4081 996 4122 non
1011 4077 1094 4123 recte
1106 4062 1311 4136 intellexeris,

202 4151 240 4215 ld
253 4171 373 4236 quoqne
386 4165 452 4218 toto
473 4155 575 4237 eapite
588 4154 711 4231 annun,
730 4168 766 4220 ut
788 4175 821 4220 se
835 4157 946 4222 Crasso
961 4159 1062 4222 daret.
1085 4161 1201 4221 Potest.
1215 4162 1309 4220 etiam
