2904 4838
648 364 716 436 217

128 498 218 575 dene,
243 499 311 562 sine
332 499 545 562 controversia
563 499 688 562 Seru'us
704 499 804 561 Galba
823 498 998 581 eloquentia
1022 505 1177 584 praestitit,
1198 519 1230 570 et

131 602 277 664 nimirum
299 597 327 665 is
345 603 492 685 princeps
507 621 550 666 ex
567 599 689 666 latinis
699 603 755 666 illa
768 614 928 669 oratorum
942 603 1070 686 propria
1089 618 1121 667 et
1141 611 1229 688 quasi

6 763 7 770 ,
129 703 266 784 legitima
292 721 388 786 opera
410 702 569 776 tractauit,
596 714 631 765 ut
645 703 853 794 'maceretur
874 724 893 766 a
913 703 1073 788 proposito
1096 709 1229 770 ornandi

128 823 235 874 causa,
250 815 286 866 ut
297 804 467 868 delectaret
480 803 611 880 animos,
629 815 663 866 ut
686 816 895 887 permoveret,
910 816 946 890 qt
960 818 1089 886 augeret
1102 825 1181 878 rem,
1196 821 1232 870 ut

121 903 394 982 ‚mmmauonibm
410 902 680 982 atcommunibos
698 903 776 968 locis
791 916 944 968 uteretur.
965 905 1027 970 Sed
1039 905 1145 970 nscio
1157 924 1231 990 quo-

123 1001 221 1064 moda
234 999 334 1084 hujus,
358 1020 449 1084 quem
459 1013 582 1066 constat
599 1000 776 1084 eloquentia
790 999 981 1084 praestitisse,
1001 1003 1147 1064 exiliores
1160 1024 1232 1065 oro·

127 1102 228 1190 tioues
241 1113 312 1160 suut
323 1111 357 1161 et
369 1098 547 1162 redolentes
562 1099 661 1180 magis
674 1097 891 1182 antiquitatem
906 1117 998 1182 qaam
1013 1112 1066 1160 ant
1079 1099 1166 1163 tatii
1178 1114 1233 1164 aut
1262 1119 1327 1192 107

121 1195 283 1280 Scipionis
296 1210 353 1262 aut
367 1193 464 1261 etiam
481 1195 575 1280 ipsius
594 1196 734 1271 Catonis,
758 1197 863 1280 itaque
881 1209 1084 1274 exaruerunt,
1100 1195 1156 1260 vix
1165 1199 1231 1282 jam

123 1307 161 1356 at
181 1306 365 1380 appareant.
382 1327 426 1344 -
443 1296 483 1356 Et
498 1293 574 1359 ibid.
594 1313 624 1356 c.
643 1294 682 1358 23
700 1306 733 1358 et
750 1294 802 1356 24.
819 1292 969 1380 (Videtur
987 1307 1093 1358 tamen
1114 1285 1232 1360 Fronto

126 1397 283 1473 orationes
292 1396 402 1462 Galba
411 1395 531 1478 legisse,
547 1396 638 1461 sicuti
652 1417 691 1459 ex
705 1395 803 1480 Epist.
819 1397 880 1476 111,
891 1397 933 1460 20
943 1395 1140 1460 manifestam
1163 1409 1221 1460 est.

170 1493 253 1562 Liuii
263 1497 346 1582 Epir.
360 1497 464 1562 xttx
479 1501 606 1584 :Quum
620 1499 656 1562 t.
672 1497 854 1562 Scribonius
871 1494 1018 1560 tribunus
1031 1496 1077 1580 pl.
1096 1497 1230 1580 rogatio·

118 1613 198 1674 ,nam
210 1597 446 1678 promulgasset,
463 1609 498 1658 ut
513 1597 665 1669 Lusitani,
682 1595 735 1678 qui
749 1595 783 1657 in
797 1585 890 1659 fidem
905 1592 1011 1681 populi
1024 1597 1158 1661 Romani
1176 1597 1230 1661 dc·

124 1689 184 1754 diti
199 1713 218 1755 a
231 1693 303 1756 Ser.
326 1693 429 1757 Galba
451 1693 485 1756 iu
504 1694 641 1758 Galliam
655 1692 823 1767 ven'ssem,
846 1691 882 1752 in
897 1690 1074 1756 libertatem
1087 1695 1231 1758 restitue

121 1803 249 1864 rentur,
265 1789 399 1876 M.¹Gato
422 1791 576 1855 acerrime
594 1785 702 1854 suasit.
716 1714 755 1874 id
772 1787 898 1852 Fulvius
915 1785 1059 1854 Nobilior
1072 1793 1231 1874 respondit

120 1908 184 1973 pro
204 1888 319 1966 Galba,
332 1891 401 1974 ipse
421 1909 540 1973 quoqne
560 1891 665 1956 Galba
689 1907 760 1951 cum
779 1909 813 1952 se
829 1885 978 1955 damnari
992 1891 1127 1965 videret,
1147 1912 1228 1957 com·

123 1987 233 2069 plexos
243 1988 319 2049 duos
331 1983 412 2048 filios
423 1999 622 2070 prmtextatos
636 1999 668 2050 et
680 1985 811 2070 Sulpicii
820 1985 908 2052 Galli
918 1983 1028 2060 filium,
1046 1987 1133 2072 cujus
1145 2001 1230 2055 tutor

42 2090 44 2100 ’
123 2096 204 2160 erat,
221 2086 267 2164 ita
277 2071 501 2151 miserabiliter
518 2086 637 2150 locutus
651 2096 711 2160 est,
726 2097 762 2146 ut
775 2084 898 2165 rogatio
917 2085 1143 2168 antiquaretur.
1154 2113 1178 2149 a
1218 2125 1230 2141 ·

16 2215 22 2222 ·
119 2197 205 2244 marri
224 2197 288 2244 tres
306 2187 464 2246 orationes
479 2179 551 2266 ejus
559 2211 575 2264 ,·
601 2185 671 2245 aaa
689 2183 834 2246 aduersus
852 2181 1004 2244 Libonem
1018 2184 1172 2247 sutanum
1182 2189 1229 2267 pl.

120 2285 377 2366 rogationemque
391 2278 459 2366 ejm
479 2279 588 2343 habitat
612 2283 650 2341 de
673 2279 839 2354 Lusitanis,
858 2301 917 2339 una
938 2295 1044 2342 contra
1064 2281 1102 2344 t.
1130 2283 1226 2347 Corn.

128 2379 305 2462 0111111111,
319 2385 352 2442 in
371 2403 430 2468 qua
451 2381 623 2457 Lusitanos,
631 2375 767 2460 propter
788 2399 822 2440 se
834 2395 943 2440 casua
958 2377 1113 2454 babentes,
1130 2405 1230 2446 caesos
1292 2439 1295 2446 .

113 2477 249 2556 βεεν,
263 2479 349 2562 quod
367 2490 556 2558 compertum
575 2475 730 2549 babuerit,
748 2495 829 2559 ‚equo
848 2489 944 2560 atque
957 2473 1085 2536 bomine
1099 2498 1155 2540 suo
1168 2486 1229 2541 ritu

118 2573 308 2645 immoletis,
319 2594 379 2653 per
392 2577 528 2652 speciem
545 2576 634 2652 pacis
648 2573 765 2632 adurbi
784 2574 955 2630 exercitum
968 2593 1055 2632 suum
1075 2579 1108 2632 iu
1116 2581 1225 2638 auimo

120 2671 275 2735 tahuuse.

156 2837 199 2890 M.
220 2837 301 2906 Cato]
321 2839 466 2892 annotet.
482 2834 570 2910 Hujus
588 2854 674 2890 causae
694 2836 763 2889 lacta
774 2847 815 2889 est
833 2834 933 2888 tuentio
950 2835 979 2888 111
992 2834 1050 2889 Cic.
1067 2838 1106 2891 De
1118 2851 1185 2893 orat.
1200 2840 1222 2907 1,

188 2921 239 2985 aa,
252 2919 416 2988 Quinctil,
431 2922 473 2984 lb,
483 2922 510 2984 8,
524 2921 606 2976 Corn.
617 2918 754 2992 uaprcat.
768 2936 793 2971 c.
804 2920 830 2982 3,
841 2917 953 2972 Sueten.
967 2915 1048 2998 Gall).
1060 2937 1084 2973 c.
1100 2922 1127 2986 3,
1137 2922 1224 2976 etim-

190 3007 284 3080 primis
298 3006 326 3059 in
339 3005 424 3060 Cicer.
444 3007 519 3060 Brut.
539 3025 565 3060 c.
580 3009 625 3062 13.
645 3005 724 3059 cont
737 3004 848 3057 Catonis
863 3003 948 3058 oratio
962 3004 991 3058 in
1008 3003 1083 3060 Serv.
1096 3007 1222 3078 Galbam,

189 3095 325 3168 15811·
579 3162 581 3166 ,
1229 3169 1232 3174 ,

65 3285 77 3314 0
165 3207 401 3300 [Adscribimus
419 3208 522 3282 locum
535 3211 700 3276 Frontonis
720 3211 811 3302 ruodo
825 3208 893 3282 cit,
918 3228 953 3292 p.
978 3207 1019 3274 85
1035 3213 1084 3274 cd.
1104 3211 1194 3276 Rom.
1210 3240 1237 3294 ².

116 3340 137 3370 ..
149 3312 284 3378 Galbam
291 3322 377 3373 certe
386 3313 425 3373 ad
434 3309 662 3375 Centumcellas
670 3309 788 3395 (uillam
795 3305 871 3371 olim
878 3305 1018 3391 Traiani)
1028 3309 1218 3394 produces...

116 3413 198 3477 Cato
215 3411 287 3494 quid
297 3407 387 3474 dicat
396 3412 436 3474 de
451 3409 557 3474 Galba
577 3409 728 3489 absoluto,
749 3423 783 3474 tu
796 3405 907 3483 melius
920 3405 1004 3490 suist
1025 3429 1083 3490 ego
1094 3411 1222 3476 memini

118 3521 249 3594 propter
268 3508 348 3570 lilios
360 3529 430 3572 eum
444 3506 616 3570 absolutum
627 3510 675 3581 31'0
691 3507 719 3560 δὲ
734 3508 829 3579 ἀκριβὲς
843 3501 909 3588 ipse
919 3505 1049 3589 inspice.
1070 3503 1147 3568 Cato
1161 3503 1219 3590 igi-

113 3623 170 3675 tur
187 3611 343 3673 dissuadet
356 3627 436 3672 neve
451 3627 522 3672 suos
538 3627 617 3670 uere
639 3602 757 3669 alienos
770 3602 840 3687 quis
853 3605 969 3669 liberos
988 3608 1028 3669 ad
1045 3602 1221 3672 misericor·

112 3709 200 3771 diam
225 3706 450 3770 conciliandam
476 3707 638 3789 producat,
664 3721 891 3782 neueuxores,
917 3722 997 3766 naua
1012 3702 1141 3780 adfines,
1168 3709 1219 3772 val

113 3803 197 3868 ullas
210 3800 338 3868 omuino
356 3802 497 3866 laminas.
510 3798 540 3892 a]

160 3907 291 3972 Causam
308 3905 372 3986 egit
385 3906 486 3969 Galba
503 3905 663 3968 deferente
674 3900 768 3964 laelio
782 3921 841 3981 pro
849 3900 1023 3981 publicanis
1037 3922 1068 3965 a.
1085 3907 1126 3972 U.
1139 3907 1214 3968 ¹615.

115 4009 154 4070 V.
174 4029 267 4091 supra
283 4028 316 4091 p.
341 4005 391 4071 98.
414 4039 457 4052 -
470 4004 540 4070 Cic.
559 4007 650 4069 Brut.
670 4025 699 4067 c.
719 4002 785 4065 22:
813 4000 914 4064 «Tres
926 4002 1061 4085 Sulpicii
1079 4019 1217 4068 oratores

110 4107 239 4168 1111111111
253 4097 463 4180 celeberrimi,
482 4100 535 4165 hio
548 4101 675 4166 Seruius
696 4097 851 4183 Sulpicius
864 4100 980 4177 Galba,
1006 4103 1043 4163 P.
1064 4101 1217 4183 Sulpicius

40 4283 46 4300 .
112 4195 959 4282 1111111111511111111111..11111111111111
975 4195 1109 4259 dicatur.
1129 4191 1131 4193 ’

115 4338 121 4351 x
259 4335 265 4343 ·
1066 4313 1099 4364 os
