2934 4846
779 437 815 481 lv

255 552 359 624 modo
381 551 583 647 vigentque.
607 549 751 620 Catonis
773 550 948 620 orationes
967 551 1076 620 virum
1095 548 1262 646 probum,
1283 554 1344 648 ju-

253 695 358 764 stum,
379 677 543 774 peritum,
560 672 796 772 eloquentem,
819 675 879 746 sed
904 674 1094 770 gloriosum
1112 673 1290 747 hominem
1308 693 1344 748 et

251 800 461 895 litigatorem
482 795 647 892 produnt.
670 797 714 866 ln
731 795 896 868 Graccho
912 812 1054 869 teneros
1074 822 1190 869 mores
1213 800 1344 896 perspi-

254 933 323 1004 cies
341 944 378 1000 et
395 927 551 998 animum
564 923 745 1010 liberalem
758 942 863 1025 atque
878 928 1068 1024 ingenuum
1082 942 1119 998 et
1137 926 1343 1024 splendidis-

249 1059 334 1129 sima
356 1051 570 1148 eloquentiae
593 1051 744 1132 lumina,
768 1054 926 1151 quamvis
954 1054 1026 1150 ipse
1048 1049 1154 1124 rebus
1178 1054 1344 1147 gerendis

245 1174 403 1249 civilibus
423 1197 544 1270 parum
560 1172 684 1244 luisset
697 1190 811 1269 aptus.
835 1177 983 1246 Romani
997 1199 1081 1247 vero
1097 1198 1212 1247 mores
1225 1176 1345 1247 severi

249 1317 285 1372 et
315 1295 454 1371 excelsa
476 1295 582 1365 animi
610 1295 817 1389 magnitudo
845 1311 882 1368 et
903 1297 1083 1391 ingenium
1108 1299 1347 1396 incorruptum

246 1447 350 1523 quam
376 1419 523 1490 maxime
546 1419 582 1488 in
606 1419 778 1514 Scipionis
806 1435 978 1516 apparent
1004 1421 1244 1494 oratiunculis.
1270 1425 1345 1496 Nec

247 1552 399 1622 multum
416 1548 522 1619 distat
540 1547 639 1619 Laelii
658 1548 783 1636 oratic,
800 1549 900 1645 cujus
915 1547 1041 1644 robigo
1060 1550 1212 1620 nativam
1223 1539 1346 1623 ¹Latini

247 1677 416 1750 sermonis
434 1673 587 1746 indolem
606 1689 643 1745 et
665 1675 846 1771 proprium
867 1674 1000 1748 cultum
1022 1675 1164 1748 indicat.
1187 1675 1239 1748 Ac
1262 1702 1344 1774 pro-

248 1800 341 1874 lecto
360 1817 466 1873 vetus
482 1823 596 1872 sermo
619 1799 766 1870 Latinus
784 1799 819 1870 in
838 1823 876 1871 se
891 1799 1001 1872 babet
1014 1801 1237 1899 nescio'quid
1253 1803 1345 1876 inte·

248 1926 397 2024 gritatis,
419 1923 514 2020 quod
530 1923 683 1994 animum
697 1921 803 1996 allicit
818 1925 929 2020 magis
943 1948 1046 2022 quam
1061 1922 1118 1996 ille
1136 1925 1346 1998 Graecorum

248 2047 423 2122 coloribus
442 2045 588 2118 fucatus.
611 2046 702 2138 Quid
717 2071 802 2141 ergo
820 2049 956 2142 gratius
975 2072 1053 2121 esse
1072 2049 1203 2144 poterit
1217 2050 1345 2121 Roma·

249 2199 370 2245 narum
384 2173 546 2245 studiosis
561 2172 742 2246 literarum
759 2171 865 2262 libro,
883 2175 1006 2272 inquo
1023 2174 1219 2270 fragmenta
1232 2192 1346 2248 orato

248 2322 327 2368 rum
351 2297 508 2393 dispersa
532 2311 613 2367 sunt
635 2293 807 2368 collecta?
824 2296 939 2393 Atque
956 2295 1044 2368 adeo
1061 2310 1164 2366 aetate
1180 2296 1290 2367 Taciti
1312 2296 1347 2369 id

248 2444 377 2490 munus
398 2443 582 2515 aggressus
600 2435 656 2494 est
681 2421 729 2491 Μ.
752 2421 905 2492 Licinius
918 2421 1069 2492 Crassus
1089 2421 1286 2508 lllu'cianus,
1309 2437 1348 2493 ut
1399 2427 1402 2433 “

250 2547 514 2642 praecipuorum
532 2564 760 2620 monumenta
774 2561 954 2618 oratorum
971 2546 1198 2620 contraheret
1213 2561 1250 2620 et
1266 2549 1347 2622 ede-

249 2692 317 2765 ret,
336 2701 381 2753 ne
399 2675 577 2750 oblivione
597 2677 849 2765 obruerentur,
874 2692 914 2747 ut
930 2678 964 2747 in
984 2675 1131 2772 Dialogo
1164 2678 1210 2749 de
1228 2685 1345 2752 orato·

249 2796 348 2867 ribus
365 2819 397 2867 c.
417 2797 461 2868 37
480 2798 655 2893 scriptum
669 2798 830 2892 legimus.
848 2799 899 2868 Ac
911 2797 948 2867 ni
964 2796 1149 2869 Mucianus
1163 2799 1256 2869 hunc
1270 2824 1346 2872 sus·

250 2924 403 3019 cepisset
421 2921 590 3006 laborem,
620 2923 731 2994 multo
751 2925 866 2993 minus
891 2923 994 2992 etiam
1009 2947 1114 3020 quam
1132 2949 1224 2996 nunc
1239 2925 1347 2999 habe-

252 3069 342 3134 mus,
356 3047 494 3142 opinor,
510 3044 634 3142 reliqui
644 3044 867 3116 haberemus.
881 3043 932 3115 Ea
942 3044 1034 3116 enim
1048 3043 1252 3141 fragmenta,
1267 3073 1347 3145 quae

253 3170 349 3266 apud
365 3169 534 3253 Gellium,
557 3172 782 3257 Frontonem,
803 3167 1020 3241 Macrobium
1043 3172 1242 3244 etiamnunc
1262 3172 1347 3268 legi·

253 3321 344 3382 mus,
363 3321 406 3368 ex
424 3294 485 3367 illo
503 3319 609 3393 opere
628 3301 802 3394 excerpta
816 3311 916 3393 puto.
940 3296 1035 3369 luter
1056 3301 1274 3373 recentiores
1293 3321 1366 3371 aua

256 3438 327 3494 tem
345 3421 415 3494 duo
438 3423 520 3510 viri,
546 3425 684 3518 ingenio
709 3439 746 3495 et
762 3423 958 3495 eruditione
981 3420 1086 3519 longe
1101 3427 1253 3514 maximi,
1274 3423 1347 3497 col-

254 3551 441 3626 lectionem
472 3570 652 3626 oratorum
681 3557 937 3652 promiserant,
968 3577 1034 3625 nec
1065 3570 1180 3627 tamen
1209 3555 1347 3627 solvere

254 3697 334 3753 vota
354 3684 549 3777 gratissima
570 3700 730 3779 potuere.
755 3687 896 3755 lustum
913 3683 1067 3779 Lipsium
1082 3683 1160 3756 dico
1181 3700 1218 3755 et
1238 3677 1347 3756 Fran·

256 3806 386 3877 ciscum
398 3807 564 3893 Dousam,
581 3832 732 3905 quorum
746 3811 843 3904 prior
862 3808 898 3876 in
915 3803 975 3875 lib.
999 3806 1020 3874 2
1048 3806 1251 3879 Electorum
1268 3831 1345 3906 cap.

261 3929 303 4000 18
321 3931 368 4001 ita
391 3929 533 4002 scribit:
558 3933 797 4025 «Fragmenta
822 3928 1033 4024 scriptorum
1055 3944 1217 4001 veterum
1236 3929 1351 4003 adole·

260 4081 360 4128 scens
375 4057 457 4130 olim
477 4057 540 4154 (ut
560 4056 693 4128 ferebat
709 4053 767 4125 illa
786 4052 896 4148 aetas)
924 4077 1003 4128 cum
1019 4057 1150 4153 impetu
1168 4074 1206 4132 et
1228 4057 1347 4130 labore
