2954 4840
311 471 415 518 matus
428 471 476 517 esi.
487 493 520 505 -
530 466 616 516 Causa
635 463 805 516 celeberrima
818 465 869 516 Cu.
887 461 1002 536 Pisonis,
1021 461 1147 514 adversus
1162 477 1240 531 quem
1255 459 1339 513 multa

260 618 265 627 Ι
310 548 462 619 eloquentis
471 547 573 600 dixerat
586 548 615 598 Ρ.
637 546 774 610 Vitellius,
789 560 846 599 aeta
860 559 901 598 est
913 564 983 596 anno
994 547 1026 596 U.
1044 545 1106 606 itt,
1120 561 1203 616 esque
1216 557 1339 598 narratur

309 635 415 707 copiose
429 634 457 687 in
470 633 554 686 Taciti
565 636 637 685 Ann.
653 633 702 697 ill,
716 637 747 686 10
756 651 815 704 sqq.
829 633 869 686 lbi
878 632 949 684 enim
961 632 1031 683 inter
1042 643 1129 683 cetera
1140 630 1258 702 legimus
1272 634 1339 706 (capi

312 721 361 787 1³)
373 742 380 772 ι
396 723 463 774 Pori
484 718 632 772 Fulcinium
651 718 771 772 Sercoeus
785 726 812 771 ci
830 719 959 772 Veranius
973 724 1001 769 ci
1015 714 1138 770 Vitellius
1149 717 1340 772 consterilr’siu·

311 809 365 868 dt'c,
382 808 430 861 scd
441 808 525 860 mulla
541 805 688 876 eloquentiis
706 809 733 858 V
731 805 830 857 r'lellius
842 807 959 880 objicere,
976 803 1034 856 odio
1049 803 1200 856 Germanici
1212 814 1241 859 ci
1256 826 1340 859 rerunt

311 909 432 946 nouarum
446 889 534 942 stadt
543 889 664 944 Pisonem
676 889 771 962 sumus
783 888 893 942 miiitum
898 907 948 960 per
960 885 1087 941 &centiam
1095 894 1122 939 ci
1137 886 1262 940 sociorum
1273 889 1342 964 r'nju·

310 980 364 1032 rias
376 997 405 1031 eo
417 993 499 1046 usquc
512 977 665 1049 coerupt'rse,
683 983 716 1029 ui
721 995 820 1047 pateris
831 976 957 1050 legionum
968 995 985 1028 a
997 973 1142 1028 deterrimis
1151 977 1343 1045 appellaretur,

310 1069 401 1116 conire
417 1065 444 1114 rit
463 1061 585 1134 optimum
605 1077 741 1136 qumque,
758 1059 867 1114 macrim
882 1063 909 1114 r'rr
924 1059 1026 1112 comites
1046 1066 1074 1111 ci
1090 1059 1183 1112 amr'cos
1199 1060 1348 1115 Germanici

313 1148 423 1212 scrisse,
433 1157 562 1220 postremo
573 1153 657 1220 mrum
671 1148 842 1201 devotionibus
852 1155 879 1201 ci
896 1165 989 1201 veneno
998 1146 1344 1216 percrebrescentem!

312 1237 495 1292 rinmolcit'oncs
507 1236 632 1303 nefandas
644 1236 727 1308 mritis
741 1250 821 1306 atquc
837 1234 983 1298 Platorium,
993 1232 1105 1304 petitore
1112 1233 1191 1286 miris
1197 1251 1251 1286 rere
1255 1232 1344 1303 patli-

314 1344 379 1388 carr,
392 1329 475 1394 utque
493 1342 554 1376 rcus
569 1320 721 1395 agiposscl,
736 1322 791 1374 acr'c
810 1321 913 1374 urcium
934 1352 967 1360 -
987 1323 1017 1372 P.
1032 1319 1160 1372 tirellius
1172 1332 1286 1390 pauuus
1306 1331 1347 1372 cst

319 1412 380 1466 tuti
393 1410 496 1465 Vitellii
505 1411 670 1482 imperatoris
680 1413 710 1462 t..
726 1411 755 1460 F.

526 1620 690 1696 XCVlll.
720 1627 762 1696 L.
789 1623 933 1698 Cestius
959 1625 1058 1698 Pius.

292 1853 413 1936 Seneca
432 1874 564 1954 Excerp.
578 1870 730 1934 Controv.
746 1869 803 1931 lib.
821 1870 869 1932 lll
886 1868 969 1952 prul.
989 1890 1020 1953 p.
1041 1869 1126 1930 428:
1143 1869 1215 1933 Scio
1236 1865 1349 1933 Pollio-

248 1995 321 2039 nem
344 1974 486 2037 Asinium
509 1986 542 2034 et
560 1973 722 2035 Messalam
738 1969 907 2034 Corvinum
922 1985 954 2034 et
974 1973 1166 2047 Passienum,
1187 1973 1240 2052 qui
1267 1993 1351 2034 nunc

249 2073 351 2156 primo
377 2073 446 2136 loco
469 2085 542 2146 stat,
566 2073 669 2134 minus
688 2071 769 2134 bene
790 2071 890 2134 rideri
912 2091 1004 2153 quam
1026 2071 1162 2154 Cestium
1177 2084 1230 2136 aut
1244 2073 1350 2136 Latro·

250 2189 335 2233 nem.
351 2171 466 2230 Utrum
481 2189 557 2249 ergo
575 2182 664 2251 potas
677 2169 737 2229 hoc
759 2166 929 2232 dicentium
943 2171 1054 2231 vitium
1068 2189 1147 2244 esse,
1171 2191 1212 2232 an
1226 2170 1353 2234 audien·

171 2272 175 2284 ‘
252 2264 356 2328 tium?
379 2284 442 2326 non
456 2264 503 2326 illi
517 2262 605 2346 pejus
627 2262 746 2339 dicunt,
771 2266 825 2326 sed
841 2265 875 2327 hi
892 2271 1070 2349 corruptius
1087 2265 1239 2349 judicant.
1257 2267 1355 2331 Pueri

252 2364 319 2428 lere
333 2376 387 2426 aut
397 2360 526 2444 juvenes
541 2362 662 2424 scholas
681 2361 891 2443 frequentant.
915 2365 955 2426 Hi
970 2385 1034 2427 non
1050 2375 1169 2427 tantum
1183 2362 1353 2427 disertissi-

157 2465 230 2540 234
255 2456 416 2535 muniris,
439 2480 515 2540 quos
540 2461 630 2542 paulo
645 2474 717 2522 ante
735 2459 842 2537 retuli,
868 2463 1030 2526 sedetiam
1051 2462 1196 2526 Ciceroni
1214 2461 1356 2526 Cestium

253 2584 341 2628 mum
353 2561 551 2645 preferrent,
574 2559 636 2624 nisi
649 2561 767 2645 lapides
784 2564 943 2627 timerent.
971 2565 1042 2648 Quo
1057 2577 1163 2628 tamma
1183 2584 1245 2627 uno
1262 2567 1354 2628 modo

252 2672 393 2746 possunt,
416 2660 595 2742 praeierunt.
622 2659 727 2742 liujus
740 2661 824 2722 enirn
839 2659 1081 2725 declamationes
1097 2659 1251 2728 ediscunt.
1269 2662 1356 2726 Illius

254 2761 412 2824 orationes
426 2775 489 2821 non
502 2759 622 2837 legunt,
635 2753 696 2818 nisi
710 2777 764 2820 ens
780 2758 888 2842 quibus
905 2757 1027 2822 Cestius
1042 2765 1210 2839 rescripsit.
1227 2753 1357 2823 Memini

255 2877 305 2919 me
326 2857 447 2917 intrare
467 2847 598 2927 scholas,
615 2873 687 2916 cum
701 2855 888 2920 recitaturus
909 2866 989 2920 esset
1008 2857 1042 2922 in
1062 2857 1209 2922 Milonem
1224 2857 1355 2937 Cestius,

255 2975 295 3016 ex
309 2954 530 3016 mammone
552 2971 606 3013 sua
630 2953 761 3014 miratus
782 2953 930 3018 dicebat:
954 2958 981 3018 si
998 2957 1103 3021 Thrax
1124 2977 1234 3034 essem,
1250 2959 1358 3022 Fusius

255 3073 371 3128 essem3
384 3053 625 3134 sipautomimus
634 3073 745 3132 essem·
756 3057 914 3138 Bathyllus
923 3075 1037 3133 essem3
1050 3061 1076 3123 si
1089 3080 1196 3142 equus,
1209 3057 1356 3123 Melissio.

258 3159 328 3218 Nou
354 3149 496 3216 continui
516 3153 622 3231 bilem,
645 3157 842 3219 exclamavit
871 3157 916 3219 Er
929 3163 958 3219 si
970 3159 1075 3221 clocca
1094 3181 1190 3236 esses,
1208 3161 1359 3222 Maxima

244 3255 364 3347 ¹esum!
377 3256 469 3320 Risus
483 3254 620 3319 omnium
631 3259 756 3337 ingens:
770 3258 949 3323 scholastici
959 3260 1077 3324 intueri
1089 3283 1148 3340 me,
1166 3263 1358 3346 qrris'esscnu

260 3353 314 3437 qui
324 3368 387 3418 tam
402 3373 521 3416 crassas
530 3355 668 3418 cervices
681 3355 839 3419 haberem.
855 3356 975 3420 cetius
982 3357 1129 3422 Ciceroni
1142 3379 1358 3444 responsurus,

261 3451 338 3515 milri
352 3449 425 3533 quid
436 3453 649 3536 responderet,
661 3473 724 3516 nou
735 3454 868 3529 invenit,
880 3457 934 3518 sed
947 3455 1075 3536 negarit
1086 3477 1120 3522 se
1128 3471 1358 3536 exsecuturum,

261 3550 325 3614 nisi
335 3552 453 3614 exirem
463 3553 608 3614 dedomo.
625 3555 691 3632 Ego
703 3553 814 3633 negavi
823 3575 873 3618 me
884 3557 923 3617 de
933 3556 1047 3620 balneo
1058 3559 1360 3642 publicoexiturum‚

262 3646 324 3710 nisi
339 3649 419 3710 lotus
431 3667 540 3711 essem.
726 3716 729 3725 ,
799 3653 802 3660 ’
1134 3651 1137 3656 ’

305 3747 497 3832 Quintil.·X‚
514 3753 546 3824 5,
562 3748 602 3813 20
616 3751 711 3812 :Tum
732 3771 839 3814 causas
853 3752 901 3816 vel
914 3755 1048 3828 easdem,
1065 3777 1141 3839 quas
1152 3760 1202 3838 agi
1215 3755 1362 3834 audierit,

264 3843 337 3910 stilo
351 3846 460 3929 etipse
481 3859 648 3929 componet
671 3847 834 3934 ueletiam
855 3850 932 3912 alias
946 3869 1037 3916 veras
1051 3858 1142 3919 modo
1163 3841 1200 3920 et'
1216 3852 1366 3940 utrinque

265 3960 380 4009 mactet
393 3956 437 4018 et,
452 3946 533 4025 quod
544 3942 577 4006 in
591 3943 813 4024 gladiatoribus
827 3946 894 4010 lieri
914 3949 1060 4028 ridemus,
1077 3951 1262 4018 decretoriis
1276 3975 1365 4020 exer·

265 4060 388 4120 ceatur,
399 4057 434 4108 nt
445 4044 689 4107 lecisseBrutirm
703 4045 836 4110 diximus
850 4067 908 4129 pro
921 4051 1047 4116 Milone.
1065 4055 1174 4118 illelius
1183 4057 1258 4131 hoc,‘
1273 4077 1366 4142 quam

267 4141 437 4209 rescribere
451 4145 602 4206 verentes
617 4147 821 4222 orationibus,
842 4162 877 4210 ut
890 4146 968 4216 lecit
978 4142 1096 4218 Cestiis
1111 4170 1222 4222 contra
1234 4157 1361 4223 Cicero·
