2934 4846
611 394 648 462 ii

120 525 291 606 tEqudiutn
306 525 396 608 hujus
411 529 470 609 hp.
485 527 605 590 Claudii
618 529 777 591 nominem
791 546 980 608 magnopere
994 528 1176 610 eloquentie

81 624 208 685 nomine
219 624 410 687 celebratum
420 624 609 708 accepimus3
623 641 742 698 eorum,
756 645 831 706 quos
839 639 988 706 sequente
998 636 1088 688 aetate
1100 627 1180 692 lama

81 722 211 796 extulit,
227 743 322 802 snpra
336 722 525 787 mentionem
535 724 595 788 leci
607 771 615 801 ,
629 725 688 786 hoe
700 725 833 801 addens,
847 723 933 786 nulla
942 721 1122 805 cujusquam
1133 727 1181 788 lit·

81 835 218 884 terarum
232 841 298 885 esse
313 837 520 888 monumenta.

119 925 151 985 'l.
178 925 287 987 Altera
308 926 490 1008 eloquentiae
510 929 657 988 Romanae
676 937 771 1002 etas,
791 945 882 1006 qoem
899 939 988 989 reete
1002 925 1182 988 adnleseen-

78 1022 154 1085 tiam
170 1024 300 1100 dixeris,
320 1028 491 1090 deducatur
505 1047 525 1088 a
544 1025 635 1088 linito
655 1023 739 1086 bello
754 1027 874 1089 Punico
896 1029 1031 1090 seeundo
1045 1029 1086 1089 ad
1106 1039 1190 1088 tem-t

76 1138 154 1199 pora
170 1141 263 1202 usque
274 1123 369 1186 solta
382 1122 557 1184 dictatoris.
572 1120 657 1182 Fieri
671 1139 734 1182 uon
748 1131 868 1200 potest,
885 1123 960 1201 quin
973 1125 1192 1206 qualicunque

76 1229 199 1282 utentes
214 1221 386 1292 divisione,
407 1240 466 1303 pro
481 1219 597 1300 rapidis
617 1218 741 1299 imperii
761 1219 896 1280 Romani
918 1220 1135 1298 incrementis,
1149 1236 1183 1286 et

76 1315 234 1379 diversum
249 1317 384 1392 cultum,
398 1330 429 1379 et
442 1317 585 1378 homines
595 1316 769 1378 eruditione
784 1336 848 1380 non
861 1316 1033 1380 simillimos
1043 1319 1077 1380 in
1089 1339 1196 1382 unum.

76 1417 221 1478 ordinem
235 1435 390 1495 cogamus.
407 1420 522 1481 Verum
544 1436 583 1478 ne
605 1415 698 1478 nimis
718 1418 831 1478 multas
845 1417 1030 1499 eloquentiae
1043 1419 1182 1481 inventae

75 1525 106 1574 et
119 1528 220 1576 auctae
237 1532 386 1597 ponamus
399 1526 523 1589 aetates‚
539 1514 636 1576 hacce
651 1515 907 1596 complectentur,
924 1517 1076 1597 quomodo
1089 1517 1178 1580 Grae-

76 1631 182 1678 oorum
203 1615 378 1677 eruditione
397 1628 430 1679 et
446 1614 548 1676 literis
563 1615 630 1696 plus
645 1614 792 1678 minusve
806 1615 924 1690 tincta,
956 1618 1011 1678 sed
1025 1637 1126 1698 neque
1143 1618 1183 1678 ad

77 1708 189 1772 bouum
222 1709 428 1774 imitationem
451 1709 638 1792 composita,
664 1729 765 1791 neque
788 1709 955 1773 artificiose
979 1731 997 1772 a
1027 1714 1183 1792 magistris

75 1810 203 1885 tradita,
221 1829 330 1891 parum
345 1821 450 1872 tamen
465 1809 610 1886 abluerit,
629 1811 703 1891 quin
718 1811 758 1872 ad
772 1829 923 1872 summum
938 1813 1124 1893 prestantia
1137 1813 1182 1875 la·

73 1905 203 1990 stigium
213 1907 405 1990 perveniret.
418 1907 524 1970 Prima
536 1907 642 1972 Grati
655 1907 754 1972 nultus
765 1907 856 1970 initia
866 1920 940 1971 aute
952 1909 1105 1974 Punicum
1116 1909 1182 1973 bel·

75 2002 135 2066 lum
148 2006 282 2070 alterum
295 2028 366 2071 eum
376 2009 525 2070 Romanis
535 2008 761 2078 communicata
770 2023 842 2072 sunt
855 2003 935 2094 [baee
948 2023 1090 2074 vetorum
1101 2011 1169 2094 ipso

75 2123 142 2166 rum
164 2107 291 2189 opinio,
314 2108 368 2170 sed
385 2128 449 2170 nou
463 2109 540 2170 satis
553 2129 631 2171 vera
648 2129 657 2170 t
682 2128 712 2170 v.
738 2109 889 2172 Niebuhr.
907 2111 986 2172 Hist.
1003 2112 1094 2174 Rom.
1106 2113 1179 2194 ¹vol.

77 2205 159 2289 3,p.
178 2207 243 2270 364
255 2203 361 2298 sqq.];
378 2208 424 2270 sie
443 2223 545 2270 antem
561 2211 661 2272 cultus
678 2229 754 2272 vere
773 2211 907 2273 Romani
920 2209 1027 2274 florem
1046 2213 1181 2276 nondum

75 2315 198 2380 natum,
212 2307 395 2370 Graeoorum
414 2305 595 2369 interventu
618 2307 748 2370 fortasse
768 2307 954 2372 exstinctum
972 2327 1056 2382 esse,
1074 2309 1191 2376 dolere⁴

76 2402 230 2468 debemus.
243 2407 307 2468 Sed
321 2407 483 2468 dummodo
494 2407 629 2470 Romani
638 2409 673 2468 in
688 2409 838 2472 imitando
850 2410 1004 2484 Homero,
1016 2409 1180 2492 Sophocle,

76 2500 283 2586 Aristophane
306 2505 480 2579 stetissent,
505 2525 605 2586 neque
629 2506 741 2568 horum
764 2507 978 2588 impatientes,
1002 2508 1084 2587 quod
1103 2529 1197 2574 vera.

77 2615 200 2676 poeseos
222 2602 363 2682 exempla
383 2601 566 2684 praebebau‘t
586 2602 721 2681 ingeniis
739 2623 758 2664 a
781 2603 867 2684 poesi
880 2606 972 2683 vulgo
994 2605 1123 2678 alienis,
1140 2609 1180 2671 ed

76 2696 178 2762 doctos
195 2702 415 2780 grammaticos
430 2714 462 2763 et
477 2701 717 2779 versificatores,
733 2704 959 2767 Menandrinos
977 2704 1059 2778 dieo,
1073 2716 1194 2768 trans„

75 2796 117 2860 ire
136 2803 323 2879 voluissent,
347 2802 447 2884 major
466 2815 570 2866 tamen
592 2815 624 2866 et
644 2803 828 2867 laudabilior
847 2805 961 2868 artium
984 2807 1194 2870 bononensi..

77 2896 193 2961 suisset.
211 2901 278 2963 lloe
297 2901 450 2963 nefusins
463 2921 676 2983 exsequemur,
693 2921 743 2964 res
758 2902 915 2964 admonet.
938 2905 1051 2966 Paucis
1065 2906 1180 2974 Romae

76 3015 181 3061 norum
204 3001 244 3062 ab
266 3001 357 3063 initio
380 3004 562 3067 Groeoorum
577 3003 692 3067 artium
712 3004 814 3066 studia
833 3004 1048 3067 innotuerunt.
1075 3005 1177 3088 Majns

75 3095 152 3159 enim
165 3097 343 3171 videbatur,
358 3097 444 3160 orbis
455 3100 588 3176 Romani
602 3098 714 3173 rebus,
727 3099 848 3180 legibus
858 3112 890 3162 et
903 3099 1053 3164 institutis
1064 3103 1175 3184 petrim

77 3195 302 3277 temperandis,
326 3195 495 3268 senatoris,
519 3197 732 3278 imperatoris,
758 3195 965 3276 jureconsulti
988 3199 1174 3261 muneribus

76 3303 200 3367 vacare,
216 3311 308 3374 quam
322 3291 415 3354 rebus
434 3303 466 3352 et
479 3291 607 3356 ludicris
619 3305 652 3354 et
665 3293 788 3355 minimi
807 3313 879 3355 usus
893 3314 1011 3357 nauare
1030 3313 1170 3378 operam.

75 3384 157 3454 llauc
169 3393 318 3457 Romanis
328 3392 500 3472 ingenitam
518 3395 695 3476 superbiam
706 3394 792 3456 auxit
802 3396 1017 3460 Graeculorum
1030 3395 1065 3460 iu
1078 3397 1172 3460 rebus

75 3488 202 3558 minimis
223 3494 417 3558 tumultuatio
439 3507 471 3557 et
492 3496 742 3578 vaniloquentia,
762 3509 796 3556 ut
816 3498 922 3579 paneis
945 3501 1101 3582 exeeptis,
1116 3499 1182 3578 qui·

76 3591 186 3658 antinus
202 3607 410 3676 operarentur
432 3598 711 3674 reconditioribus,
731 3600 983 3678 quemadmodum
1003 3602 1044 3660 P.
1067 3598 1170 3677 Sulpi·

74 3693 135 3751 cius
147 3697 271 3773 Gallus,
286 3708 495 3773 astronomus,
513 3699 562 3760 M.
578 3699 727 3763 Manilius
744 3710 778 3762 et
788 3699 994 3762 Secenolurum
1008 3713 1073 3764 tota
1084 3701 1171 3764 lami·

74 3781 110 3847 ΠΕ
120 3829 128 3860 t
140 3790 367 3871 jurisconsulti,
387 3794 549 3871 fecerunt,
564 3795 617 3858 vix
634 3808 715 3858 esset
728 3797 907 3878 quisquam,
941 3797 993 3878 qni
1007 3798 1170 3862 literarum

74 3884 177 3952 notitia
191 3889 326 3952 imbutus
337 3909 405 3952 eam
419 3911 475 3954 ore
489 3905 523 3954 et
536 3891 730 3955 sermonibus
744 3913 808 3976 prae
821 3913 854 3956 se
868 3893 977 3958 ferret.
994 3894 1113 3978 Populo
1123 3915 1173 3957 or·

74 3978 119 4044 bis
138 3999 291 4054 terrarum
313 3993 439 4056 domino
463 4015 503 4056 ne
525 3992 646 4056 lndiera
668 3997 834 4058 trentendo
860 3995 1081 4078 displicerent,
1098 3985 1172 4058 'non

75 4087 161 4150 modo
176 4092 327 4155 Antonius
340 4106 373 4156 et
386 4093 514 4158 Crassus
525 4096 691 4158 noluerunt
702 4095 779 4181 (Cio.
796 4097 844 4158 De
856 4110 938 4159 orat.
949 4098 1039 4171 ,11,-t
1057 4109 1090 4158 et
1102 4096 1169 4178 36),

78 4187 127 4248 sed
142 4192 179 4252 ad
192 4190 351 4257 Ciceronis
363 4214 458 4280 usque
472 4209 594 4262 aetatem
609 4217 646 4260 ea
661 4197 835 4278 permensit
846 4199 967 4280 opinio,
984 4195 1175 4277 quemadmo
