2934 4846
528 243 539 262 .
616 301 637 370 9

82 427 128 496 De
142 427 203 496 illis
216 453 291 516 quos
304 433 416 498 Cicero
429 433 614 498 memoravit
634 434 700 498 haec
720 437 927 520 excerpimus.
947 437 983 498 C.
1001 439 1179 504 Fabricium

80 532 119 591 ad
133 533 287 614 Pyrrhum
302 551 408 611 regem
422 532 547 594 missum
561 531 653 596 fuisse
664 547 789 597 constat
811 547 992 598 «oratorem
1007 540 1072 601 »de
1084 543 1180 623 capti·

80 630 127 692 vis
149 631 383 715 recuperandis.
408 631 461 692 M.
477 629 630 711 Popillius
653 633 765 693 Laenas
788 633 859 696 Cos.
877 647 946 698 erat
966 635 1131 716 44414394
1152 652 1185 701 et

81 730 155 792 391.
179 729 238 796 Μ’,
263 728 376 793 Curius
390 731 553 806 Dentatus,
570 731 657 794 Trib.
681 733 727 814 pt.
745 753 776 794 a.
798 733 878 807 455,
899 733 970 798 Cos.
995 735 1077 812 463,
1099 735 1182 810 418,

80 826 154 892 419·
173 833 212 895 V.
235 831 369 896 wetzel.
385 831 423 890 ad
449 829 519 892 Cic.
543 829 613 894 Cat.
637 852 666 892 c.
690 831 741 892 16.
767 832 837 895 Tib.
865 834 1092 912 Coruncanius,
1112 836 1184 900 Cos.

79 927 161 1002 413,
177 931 322 995 Pontifex
336 931 416 992 Max.
434 949 466 992 a.
482 927 580 991 500-
590 930 668 1000 509,
685 933 768 992 lctus
778 933 1028 999 astimatissimus
1044 962 1053 998 ε
1069 958 1101 1001 v.
1116 937 1184 1002 Cic.

79 1023 126 1092 De
143 1045 223 1093 orat.
240 1033 303 1106 111,
321 1030 479 1102 154133,
496 1031 649 1109 Pompon.
669 1031 717 1090 De
732 1031 811 1106 orig.
831 1030 910 1111 juris
924 1037 958 1110 1,
973 1037 1076 1118 tnig.
1094 1041 1112 1121 ς
1129 1039 1182 1102 35.

80 1125 116 1188 C.
133 1127 325 1202 nominos,
339 1127 428 1190 Trib.
445 1127 490 1206 pl.
507 1145 537 1186 4.
552 1125 630 1197 525,
645 1123 717 1186 cos.
736 1125 797 1186 530
813 1138 845 1188 et
858 1127 933 1190 536.
948 1131 1065 1192 Fabius
1075 1134 1184 1196 Maxi.

79 1247 147 1287 mus
165 1227 372 1300 Verrucosus,
387 1222 442 1285 1114
458 1220 509 1302 qui
523 1221 671 1284 Romanis
687 1223 854 1282 cunctando
874 1228 1003 1284 restituit
1022 1247 1090 1286 rem
1107 1228 1186 1312 (En.

78 1321 148 1386 nins
159 1344 212 1403 ap.
227 1320 295 1381 Cic.
312 1316 505 1401 01114.1,24),
519 1316 681 1400 quinquies
694 1315 764 1380 Cos.
779 1319 818 1380 ab
828 1339 858 1382 a.
877 1320 1056 1384 520-544.
1068 1325 1186 1409 Deqno

77 1424 229 1504 praeclara
241 1419 320 1482 duxit
332 1416 397 1480 Cic
411 1417 480 1480 Cat.
499 1437 527 1480 c.
541 1415 571 1478 4.
587 1416 705 1479 Plura'
696 1439 728 1478 ι4
743 1417 924 1498 fragmentis
934 1434 966 1484 et
983 1423 1021 1484 de
1031 1425 1092 1488 hoc
1116 1447 1150 1509 p.
1164 1429 1184 1490 2

77 1542 123 1604 sq.
143 1520 281 1603 etdeQ.
297 1517 418 1578 Caecilio
433 1516 577 1590 Metello,
594 1537 626 1598 p
644 1517 682 1582 94
698 1513 782 1606 sqq]

122 1623 152 1684 6.
178 1617 326 1684 Omnium
339 1629 462 1688 autem,
481 1633 535 1724 qur
525 1613 615 1680 hoe·c
630 1627 770 1698 tempora
783 1599 995 1693 illustrarunt,
1010 1641 1101 1685 nemo
1116 1624 1185 1704 Ap

75 1722 132 1795 pio
147 1717 282 1781 Claudio
292 1714 421 1786 clarior,
438 1733 491 1794 qus
481 1711 591 1774 Caeci
602 1732 774 1794 cognomen
787 1714 909 1798 accepit
920 1715 1017 1778 oculis
1026 1720 1183 1802 privatus,

77 1815 164 1895 quod
176 1811 318 1876 Herculis
328 1829 449 1874 sacraa
464 1808 587 1871 Potitiis
596 1821 629 1870 ct
642 1811 779 1872 Pinariis
793 1811 895 1872 deseri
907 1831 1013 1894 passus
1028 1835 1135 1880 servos
1148 1838 1187 1881 ea

78 1910 222 1992 publicos
242 1907 349 1970 doceri
371 1905 506 1971 instituit
522 1905 614 1989 (Lis.
620 1907 684 1984 IX,
701 1907 761 1987 29,
777 1909 884 1971 Valer.
907 1911 988 1974 Max
1007 1913 1093 1990 1,1,
1113 1917 1185 2002 11).

78 2009 130 2074 is
119 2009 264 2090 mgenrta
277 2007 401 2070 famrlrae
412 2026 473 2071 snae
491 1997 767 2089 icrcciu(Suetcn.
785 2008 857 2070 Tib.
871 2029 941 2072 c.
922 2011 959 2052 2·
951 2013 1077 2088 3Tacit.
1098 2018 1182 2080 Ann.

79 2112 110 2185 1,
131 2110 173 2188 4,
190 2109 259 2172 Lis
273 2108 297 2169 l.
313 2107 481 2191 c.)ncquc
499 2119 641 2180 senatus,
658 2127 758 2190 neque
772 2109 895 2192 populi,
912 2130 1014 2192 neque
1027 2113 1128 2194 legum
1139 2139 1186 2180 sa

80 2213 119 2276 tis
133 2231 302 2284 reserens,
315 2211 397 2272 haud
410 2209 504 2272 dubie
516 2211 577 2289 Ap.
591 2207 720 2274 Claudio
730 2211 961 2289 decemviro,
937 2233 964 2274 su
976 2215 1087 2280 seculo
1098 2219 1187 2300 prior

78 2315 203 2390 inisset,
219 2313 391 2376 simillimus
406 2323 476 2377 orat
488 2311 618 2375 tuturus.
636 2313 726 2375 Nunc
741 2315 865 2394 quidem
883 2315 968 2378 omui
982 2319 1084 2383 studio
1101 2320 1186 2384 labo

80 2413 180 2486 ravit,
197 2423 231 2473 ut
244 2412 329 2490 leges
343 2408 583 2490 aequabilitatem
596 2407 676 2490 juris
695 2411 822 2494 patricii
843 2423 877 2474 et
889 2412 1005 2496 plebeii
1023 2417 1188 2480 continen-
1289 2457 1292 2465 ·

80 2525 126 2576 tes
140 2522 320 2594 spernerets
344 2529 444 2590 necque
466 2511 592 2591 impune
607 2511 789 2589 sprevisset,
815 2509 876 2572 nisi
889 2510 990 2592 major
1008 2533 1082 2596 pars
1099 2536 1187 2580 sena·

81 2625 129 2674 tus
144 2608 273 2694 patricii
291 2607 418 2689 spiritus
438 2607 577 2670 nondum
597 2620 678 2670 esset
695 2606 805 2670 oblita.
830 2608 900 2669 Non
922 2611 1084 2672 consulare
1103 2613 1190 2693 inge·

82 2714 169 2776 nium
183 2709 311 2792 sedjuri
326 2706 526 2790 disceptamo
542 2719 649 2770 nutum
666 2710 701 2770 t..
715 2707 873 2771 Volumuii
885 2727 940 2772 ore
954 2709 1060 2774 Livius
1072 2713 1112 2788 X,
1130 2713 1186 2793 22,

82 2809 157 2872 huic
167 2820 254 2870 recte
267 2805 381 2868 tribuit
393 2827 402 2866 s
414 2803 509 2866 variis
522 2815 675 2887 proetsrsa
689 2803 766 2876 locis
781 2805 895 2867 famam
909 2806 948 2868 de
961 2805 1028 2888 ejus
1043 2810 1187 2892 eloquen.

83 2911 127 2974 tia
144 2910 185 2970 ad
198 2929 251 2972 sua
265 2928 360 2990 usque
377 2919 517 2988 tempora
537 2906 744 2988 permansisse
766 2919 911 2984 testatus,
935 2919 970 2970 ut
987 2910 1031 2986 X,
1053 2911 1104 2976 19.
1121 2914 1187 2977 Ν44

84 3007 206 3071 minimi
225 3007 267 3067 ad
284 3005 351 3087 ejus
367 3003 580 3086 eloquentiam·
597 3003 740 3068 laudibus
759 3003 929 3067 tollendam
954 3009 1102 3089 ponderis
1121 3023 1186 3086 est,

85 3105 167 3186 qnod
183 3103 319 3166 isidorus
332 3101 440 3182 origg.
454 3103 468 3164 1
477 3147 486 3180 ,
505 3101 564 3178 37,
582 3102 666 3167 hunc
682 3101 816 3184 primum
833 3121 926 3188 prosa
945 3105 1088 3168 oratione
1103 3107 1189 3170 inter

85 3189 242 3269 Romanos
260 3223 350 3267 usum
371 3202 484 3280 refert,
503 3201 616 3284 quippe
636 3201 806 3270 remotiora
822 3221 861 3264 ex
877 3203 980 3268 saeculi
998 3205 1046 3269 sui
1063 3205 1189 3286 ingenio

86 3325 145 3387 per
165 3303 330 3384 caliginem
352 3320 497 3366 cernens.
513 3301 599 3364 idem
614 3302 757 3386 Appius
748 3322 782 3364 ιιι
807 3303 1017 3368 consolandi..
1034 3306 1191 3370 Volumnii

88 3403 126 3464 dc
141 3399 232 3484 plebe
245 3399 379 3464 consulis
394 3397 566 3488 acerrimus
582 3397 787 3474 obtrectator,
802 3418 892 3480 quem
906 3401 975 3463 vel'
966 3422 1034 3488 rpse
1047 3403 1097 3464 vel
1108 3403 1191 3465 fama

88 3502 137 3566 rei
157 3500 238 3565 mule
256 3514 348 3581 gestm
371 3521 411 3562 ex
435 3499 592 3564 Sammo
582 3521 616 3564 ιιι
634 3501 791 3564 Etruriam
812 3500 987 3576 acciverat,
1004 3524 1064 3569 suae
1087 3503 1192 3591 potius

88 3603 240 3686 superbias
256 3623 348 3684 quam
364 3599 544 3682 reipublicae
561 3600 728 3664 commodis
746 3602 867 3664 seruire
885 3602 995 3666 voluit.
1012 3605 1077 3666 Nec
1094 3606 1192 3670 mino·

88 3723 139 3765 res
151 3703 278 3786 spiritus
294 3700 448 3778 ostendit,
464 3701 545 3782 quod
560 3721 671 3766 censor
686 3721 715 3762 a.
733 3705 776 3768 U.
794 3702 875 3780 440,
890 3715 998 3786 spreta
1018 3704 1086 3786 lege
1101 3708 1194 3772 AEmi·

86 3800 131 3862 lia
151 3802 366 3884 magistratum
387 3818 457 3862 cum
481 3818 599 3862 summa
622 3798 742 3861 invidia
763 3801 845 3864 solus
868 3821 926 3886 per
949 3800 1194 3884 quinquennium
1279 3825 1284 3836 ¹

89 3902 181 3981 gessit
199 3899 285 3985 (Liv.
305 3899 462 3986 1x‚33);
480 3912 512 3963 et
534 3899 674 3965 interrex
688 3903 846 3967 consutas
859 3903 898 3980 ds
920 3903 1012 3986 plebe
1033 3909 1194 3972 4444441-

91 4000 222 4082 piendo,
235 4003 289 4066 Μ’.
310 4001 437 4066 Curium
453 4000 541 4064 Trih.
557 3998 591 4083 pl
619 4019 658 4064 eu
673 4003 823 4084 compulit
839 4004 917 4066 utin
934 4004 1020 4070 Coss.
1041 4005 1107 4089 ejus
1119 4009 1195 4070 anni

92 4098 237 4160 creandis
251 4100 359 4161 Patres
372 4112 445 4162 ante
463 4097 541 4162 inita
552 4098 698 4179 suffragia
718 4113 860 4162 auctores
876 4099 945 4164 fieri
960 4114 1096 4180 cogeret.
1118 4105 1194 4164 Per·

1046 4215 1061 4262 t
