2904 4838
794 355 860 424 too

278 499 415 570 tertium,
426 496 461 557 in
472 511 531 575 quo
542 493 636 554 etiem
647 492 762 556 mortui
773 491 871 560 valuit
882 491 1063 556 auctoritas.
1077 489 1168 554 Diem
1178 489 1263 554 enim
1273 509 1374 572 supre-

273 615 362 660 mum
373 604 447 656 ante
456 591 581 654 initium
592 587 666 651 belli
677 590 766 652 obiit.

319 695 436 758 Nouius
445 713 478 774 p.
491 689 545 765 89,
560 691 616 752 28=
634 691 834 752 Coldscenmt
844 711 902 772 pro
913 689 1139 754 occalluerant.
1151 691 1229 752 Cato
1245 689 1282 749 de
1297 689 1376 751 bello

276 785 546 868 Carthaginiensi:
559 787 665 847 Aures
675 787 767 848 nobis
778 788 976 848 calliscerunt
984 789 1026 846 ad
1035 791 1066 844 in
1061 782 1176 866 Jitn'tts.

311 927 349 980 ad
358 923 477 998 t'njurtits]
489 923 576 977 intell.
588 924 740 976 Poenorum.
755 925 816 992 Qua
827 924 863 976 sit
875 923 985 976 lonnata
997 923 1099 977 ratione
1111 924 1167 976 haec
1178 923 1288 995 perfecti
1299 924 1378 976 forma

347 1009 524 1068 adiicerent,
533 1008 632 1061 nescio.
644 1006 793 1080 Legendenr
804 1007 1043 1079 putocalliscunti.
1051 1027 1077 1060 e.
1085 1005 1277 1060 occalluerunt.
1290 1007 1376 1076 [Quod

347 1111 439 1148 rerum
447 1092 566 1155 videtum
576 1091 752 1146 verisimilius
758 1103 828 1144 certe
837 1091 954 1162 estquod
962 1109 1041 1162 quam
1053 1091 1193 1164 proposuit
1201 1091 1325 1144 Struvius
1333 1093 1373 1143 Dc

348 1179 419 1236 decl.
429 1193 457 1236 et
465 1177 536 1252 conj.
548 1181 580 1232 L.
592 1182 624 1232 L.
634 1199 663 1250 p.
672 1182 753 1246 tlt.)

319 1304 444 1368 Solinus
458 1325 487 1365 c.
503 1303 543 1364 30
556 1301 642 1387 (40):
660 1302 780 1368 Urbem
792 1302 1030 1381 Carthaginem,
1047 1317 1080 1365 ut
1095 1304 1173 1366 Cato
1191 1308 1220 1362 in
1239 1306 1377 1361 oratione

275 1406 433 1461 sermione
446 1412 594 1474 autumat,
617 1417 687 1462 cum
705 1419 762 1460 rex
783 1399 890 1460 Iarbas
909 1420 1015 1462 rerum
1036 1401 1069 1461 in
1088 1401 1188 1481 Libya
1209 1400 1372 1482 potiretur,

277 1499 361 1562 Elisa
373 1494 484 1558 mulier
496 1496 661 1570 exstruxit,
674 1497 764 1556 domo
774 1496 915 1569 Phoenix,
936 1509 968 1558 et
984 1496 1178 1559 Karthadam
1196 1499 1286 1572 dixit,
1301 1499 1376 1619 quod

277 1596 460 1658 Phoenicum
471 1613 526 1656 ore
537 1594 684 1676 exprimit
694 1595 853 1658 civitatem
865 1615 988 1658 novam

311 1731 338 1785 t'n
350 1741 418 1786 orat.
429 1732 584 1802 terretorio]
578 1753 607 1786 ιιι
616 1733 733 1786 oratione
744 1732 776 1785 de
785 1731 858 1785 bello
866 1732 1090 1804 Carthaginiensi.

318 1856 438 1924 Gellius
450 1860 509 1930 lx,
523 1858 580 1918 lle
594 1859 636 1918 M.
649 1857 726 1921 Cato
746 1856 780 1919 in
801 1859 956 1925 oratione,
978 1877 1069 1939 quam
1088 1859 1126 1920 dc
1148 1855 1229 1918 bello
1248 1857 1376 1920 Cartha·

272 1957 407 2038 giniensi
428 1955 619 2038 composuit:
638 1955 739 2040 Pueri
758 1971 848 2040 etque
871 1957 1017 2015 mulieres
1036 1953 1279 2014 extrudebantur
1290 1957 1379 2036 fami

275 2063 384 2100 causa.

299 2173 386 2240 fami]
400 2174 433 2226 de
444 2174 494 2226 hoo
507 2173 624 2245 genitivo
638 2185 733 2244 praeter
745 2175 778 2225 A.
789 2172 908 2225 Gellium
923 2173 943 2224 l.
961 2192 986 2226 c.
1004 2173 1076 2226 conf.
1094 2171 1240 2226 Schneider
1255 2174 1314 2224 Lat.
1329 2173 1377 2224 Gr.

298 2325 300 2330 Ι
345 2269 415 2328 part.
426 2259 460 2320 ll,
470 2276 496 2327 p.
511 2259 574 2310 358.

316 2379 437 2447 Gellius
454 2383 517 2456 ΙΙΙ,
534 2381 591 2442 14:
616 2383 679 2443 «Μ.
701 2381 778 2445 Cato
799 2383 837 2444 de
848 2378 1179 2462 Carthaginiensibus
1171 2397 1214 2444 ita
1226 2383 1375 2466 scripsit

273 2481 424 2542 Homines
438 2483 646 2562 defoderunt
634 2505 667 2540 ιη
681 2497 802 2542 terram
812 2484 1005 2556 dimidiatur,
1028 2505 1191 2570 ignemque
1203 2487 1376 2563 cir-cumpo

274 2599 411 2643 suerunt.
425 2569 467 2644 ita
475 2585 702 2664 interficerem
710 2586 1032 2660 s—lncertumvero,
1046 2606 1084 2648 ex
1097 2585 1238 2650 oratione
1248 2584 1377 2646 debello

273 2681 526 2760 Carthaginiensi
546 2680 612 2742 haec
634 2677 698 2744 sint
719 2694 849 2763 sumpta,
875 2703 915 2744 an
932 2702 971 2744 ex
985 2684 1153 2744 Poehorum
1171 2678 1315 2757 historia,
1339 2681 1375 2743 ab

273 2780 382 2841 eodem
398 2777 517 2842 Catone
537 2775 688 2856 singulari
705 2777 787 2839 libro
802 2779 991 2861 composita,
1009 2781 1096 2860 cujus
1110 2780 1191 2862 apud
1204 2779 1329 2838 Festum
1344 2797 1374 2838 r.

274 2881 459 2938 Meritavere
473 2889 572 2940 exstat
584 2877 802 2955 fragmentum,
816 2891 875 2940 eta
886 2879 996 2942 Servio
1011 2881 1051 2941 ad
1062 2881 1151 2958 Virg.
1164 2879 1234 2940 AEn.
1246 2899 1289 2952 iv,
1303 2877 1374 2950 6823

274 2993 407 3034 necnon
420 2975 459 3034 ad
474 2977 501 3046 l,
518 2971 578 3034 343
592 2986 623 3032 ct
633 2972 692 3034 738
705 2973 740 3032 lit
755 2974 884 3048 mentio,
898 2975 957 3036 etsi
967 2975 1002 3037 in
1012 2977 1162 3038 extremis
1174 2973 1291 3038 duobus
1302 2975 1376 3037 locis

271 3081 432 3131 auctorem
442 3087 506 3130 non
517 3063 667 3129 nominat.
683 3063 889 3156 [peculiarem
903 3071 1018 3134 librum
1026 3073 1240 3133 dePoenorum
1251 3072 1377 3132 historia

272 3169 433 3251 scripsisse
448 3189 510 3232 non
525 3169 660 3242 videtur,
677 3173 731 3233 sed
746 3171 928 3252 fragmentis
940 3175 985 3236 ita
997 3169 1294 3238 commemoratisin
1305 3173 1374 3246 Ori·

268 3267 397 3351 ginibus
419 3271 505 3333 locus
524 3268 730 3352 probabiliter
750 3273 937 3353 assignatur.
957 3279 995 3340 V.
1016 3275 1203 3338 Kreusl'it.
1225 3287 1258 3336 et
1275 3275 1373 3355 lragg.

270 3369 343 3433 hist
356 3372 426 3432 Lat.
418 3390 470 3451 ..p
484 3367 710 3462 otettltsq]

314 3469 452 3546 Uterque
470 3465 567 3528 Gellii
590 3467 675 3528 locus
695 3469 846 3543 orationi,
867 3491 959 3553 qnam
981 3471 1091 3533 habuit
1110 3472 1190 3565 Cato
1201 3469 1373 3530 Numantiae

270 3567 360 3646 apud
367 3571 495 3651 equites,
508 3564 542 3630 in
559 3569 695 3633 editione
706 3571 858 3635 Lioniana
873 3593 944 3654 pag
937 3573 994 3637 to
1007 3593 1117 3636 errore
1129 3572 1302 3656 adscriptus
1313 3585 1372 3634 est.

292 3698 345 3762 tt.
362 3720 439 3763 ciro
453 3723 483 3765 rx
498 3723 688 3768 nrssuasroxn
704 3727 741 3766 nn
756 3726 834 3769 aren
849 3727 965 3770 irrito
980 3728 1017 3769 rr
1032 3727 1250 3773 vrcrroinraus
1265 3729 1352 3771 isra.

313 3839 391 3901 Cato
405 3842 578 3905 orationem
591 3861 673 3904 anno
686 3841 746 3904 sot
759 3843 881 3915 habuit,
898 3864 969 3906 cnm
986 3845 1036 3922 lis,
1050 3869 1117 3929 quae
1132 3846 1218 3911 inter
1234 3847 1373 3909 Attalum

269 3952 301 4004 et
318 3943 477 4014 Prusiam,
499 3963 605 4022 regem
625 3943 790 4026 Bithyniae,
812 3959 882 4008 erat
902 3961 1021 4020 coorta,
1047 3952 1080 4012 in
1102 3962 1210 4014 senatu
1230 3951 1372 4011 Romano

198 4057 243 4129 57
270 4038 525 4212 ἔζεειεειῑιιὶειιὶῑΐιιίιὲλῃ
543 4041 614 4100 vid.
638 4040 774 4121 Appian.
799 4042 875 4106 Bell.
900 4044 1074 4112 Mithridat.
1101 4067 1130 4110 c.
1154 4051 1171 4112 6
1196 4059 1228 4108 et
1249 4047 1281 4123 l,
1303 4045 1370 4110 Liv.

296 4153 352 4223 pit
480 4179 487 4198 ·
804 4173 807 4179 ·
828 4174 830 4182 ·
