2916 4838
651 348 715 424 au
1149 429 1151 438 χ

133 484 218 563 fieri,
240 483 353 568 iuquit,
377 499 408 546 ut
434 473 580 562 omuino,
600 487 682 570 quod
698 499 729 546 tc
750 486 871 546 audisse
889 485 981 562 dicis,
1008 505 1158 568 utinquam
1176 507 1231 546 aa·

129 580 245 642 dietis!

167 715 311 785 Pisonem]
330 717 399 769 hauc
420 734 525 770 causum
551 719 679 790 privatum
697 719 779 772 fuisse
804 730 882 791 putat
901 715 1022 771 Ellendt.
1047 716 1231 782 llcuriclssen,

204 799 252 869 qui
268 819 355 872 nuper
374 799 501 862 eruditos¹
519 802 717 856 commentarios
735 803 764 855 in
790 801 873 855 libros
894 803 932 855 De
951 814 1053 854 oratore
1075 800 1177 866 edidit,
1199 802 1233 856 dc

202 885 298 940 riuus
315 886 348 939 aa
359 905 418 960 up.
432 889 477 953 aa,
492 871 581 957 saei,
598 889 662 943 nus
676 888 787 943 usuris
799 888 903 961 uiua
914 889 1047 952 imaum,
1063 888 1233 942 uaruicum

201 974 379 1072 &purnium
400 975 523 1032 Pisonem
533 976 702 1032 Caroniunm
722 978 784 1030 Cos.
802 996 827 1030 a.
841 979 876 1030 U.
890 977 937 1030 641
955 976 1160 1050 intelligendum
1170 993 1233 1030 cou-

196 1071 266 1130 Just.

449 1244 499 1306 12.
516 1262 628 1306 castro
639 1261 733 1304 ratic.
747 1257 913 1304 acuimus.

167 1435 247 1494 Acta
260 1445 307 1495 ast
327 1451 419 1495 causa
433 1432 513 1515 apud
528 1432 571 1493 M.
587 1433 781 1513 Perpernam
799 1427 948 1510 judicem,
966 1425 1019 1511 qui
1041 1447 1071 1490 a.
1099 1427 1142 1488 U.
1169 1425 1229 1491 666

125 1545 240 1613 praetor
250 1544 332 1593 erut.

167 1627 233 1694 Cic.
252 1630 301 1692 De
318 1643 414 1692 uratt.
430 1630 476 1702 11,
493 1629 547 1701 65,
564 1627 625 1690 262
650 1648 659 1687 a
686 1629 892 1689 Invertuntur
910 1625 1021 1699 verba,
1053 1637 1090 1688 ut
1101 1625 1230 1690 Crassus

125 1733 208 1816 apud
221 1731 265 1791 M.
280 1733 473 1812 Perpernam
491 1729 628 1812 judicem
653 1749 711 1811 pro
728 1727 888 1790 Aculeone
907 1747 977 1789 cum
1002 1728 1132 1800 diceret,
1155 1728 1229 1814 (ad-

125 1841 195 1894 erat
209 1842 319 1891 contra
329 1828 520 1894 Aculeonem
534 1825 721 1892 Gratidiano
731 1829 773 1890 L.
787 1826 885 1889 AElius
898 1823 1006 1890 Lamia
1023 1823 1178 1901 deformis,
1195 1839 1230 1888 ut

125 1929 251 2015 nostis),
272 1927 325 2013 qui
350 1950 421 1993 cum
434 1928 652 2012 interpellaret
678 1924 793 2004 odiose,
816 1927 1001 1997 Audiamus,
1023 1925 1137 2007 iuquit,
1163 1927 1231 2004 pul·

125 2035 238 2094 celum
259 2053 401 2113 puerum,
431 2031 570 2096 Crassus.
591 2029 670 2094 Cum
689 2043 770 2092 esset
787 2029 932 2103 arrisum,
957 2027 1024 2090 Non
1037 2031 1124 2106 potiti
1137 2025 1227 2104 milti,

128 2129 233 2214 iuquit
246 2131 364 2207 Lamia,
381 2127 926 2212 fh1·mamipsefingerc‚sisgcnium
949 2130 1047 2206 potui.
1069 2127 1148 2188 Tum
1161 2122 1227 2204 hic,

125 2230 312 2305 Audiamus,
342 2226 463 2312 iuquit,
485 2228 647 2288 disertum.
674 2225 772 2289 Multo
794 2223 887 2289 etiam
911 2221 1046 2287 arrisum
1067 2233 1116 2286 est
1136 2223 1228 2287 vehe-

124 2340 433 2486 111ῗεξιιίιὶε..Λοιιίθοιιο
445 2421 574 2484 Crassus
587 2421 666 2501 apud
681 2417 748 2482 Cic.
767 2420 816 2482 De
832 2431 912 2484 urat.
934 2421 963 2498 1,
976 2419 1030 2493 ta,
1047 2421 1105 2485 tut
1119 2439 1128 2481 t
1142 2420 1225 2484 Prae·
1255 2357 1319 2462 157

123 2521 243 2583 clarum
254 2519 339 2582 dedit
348 2517 448 2580 laudis
458 2517 669 2582 testimouium
679 2529 712 2580 et
721 2512 885 2578 doctrine.

323 2727 362 2792 13
378 2741 410 2790 et
422 2726 471 2788 tt.
495 2744 660 2791 orsrrouus
673 2743 732 2788 rao
747 2744 776 2786 c.
789 2743 897 2787 saucio
909 2745 1021 2788 oraru.

163 2920 323 2983 Postremo
338 2919 455 2982 duabus
467 2919 502 2982 in
517 2917 616 2982 causis
633 2917 667 2979 C.
681 2918 825 2998 Sergium
836 2919 965 2978 Oratam
979 2916 1120 2980 defendit
1132 2916 1237 2999 Cras,

120 3042 189 3086 sus:
204 3041 333 3102 quarum
348 3023 478 3082 alteram
493 3013 618 3108 [contra
628 3020 672 3081 M.
687 3021 865 3094 Antonium,
876 3020 919 3081 M.
933 3017 1026 3098 Marii
1039 3017 1220 3110 patronum]

120 3118 232 3183 Cicero
246 3118 388 3180 narravit
398 3119 446 3181 De
456 3115 538 3180 offic.
551 3117 678 3192 111,16‚
691 3115 824 3178 alteram
831 3113 976 3180 Valerius
986 3115 1070 3177 Max.
1082 3118 1138 3194 tx,
1150 3120 1178 3190 l,
1192 3119 1220 3178 1.

125 3208 197 3304 [Hic
211 3216 295 3278 inter
306 3214 367 3278 alia
381 3216 417 3275 de
429 3214 537 3295 Sergio
550 3215 648 3285 Orata
663 3225 792 3277 narrat:
807 3240 821 3270 α
836 3211 990 3276 AEdiiiciis
1004 3211 1101 3277 etiam
1111 3215 1224 3297 spatio·

121 3313 164 3374 sis
182 3323 215 3374 et
227 3311 355 3377 excelsis
369 3313 490 3390 deserta
509 3311 548 3374 ad
566 3309 600 3373 id
618 3324 738 3394 tempus
757 3331 814 3374 ora
832 3311 960 3373 Lucrini
982 3311 1068 3375 lacus
1087 3309 1222 3396 pressit:

121 3429 185 3492 quo.
195 3407 372 3488 recentiore
386 3429 442 3472 usu
456 3408 690 3493 conchyliorum
703 3410 870 3471 frueretur.
887 3407 952 3474 Ubi
965 3409 1037 3482 dum
1049 3428 1081 3470 se
1093 3408 1224 3506 publicae
1320 3412 1322 3422 '

120 3527 207 3590 equae
217 3508 355 3591 cupidius
364 3507 532 3586 immergit,
543 3525 615 3568 cum
622 3503 768 3569 Considio
775 3505 944 3588 publicano
951 3501 1103 3588 judicium
1114 3519 1224 3570 nactus

120 3620 179 3671 cst.
198 3608 236 3668 lu
250 3626 309 3688 quo
320 3606 357 3668 L.
368 3606 498 3674 Crassus
511 3609 659 3669 adversus
673 3603 759 3668 illum
775 3624 900 3670 causam
914 3624 1018 3684 agens,
1030 3625 1136 3664 errare
1145 3611 1224 3668 ami·

120 3731 191 3772 cum
203 3729 291 3770 suum
302 3707 483 3769 Considium
493 3709 582 3785 dixit,
607 3709 814 3796 quodputaret
824 3708 954 3772 Oratam
963 3721 1119 3767 remotum
1127 3697 1151 3768 ci
1156 3709 1224 3768 heu

123 3816 288 3872 cariturum
303 3813 430 3870 ostreis.-
446 3831 576 3896 namque
590 3832 645 3890 eo,
660 3814 689 3872 si
701 3811 770 3872 inde
781 3826 886 3892 petere
899 3829 958 3868 non
972 3807 1120 3885 licuisset,
1134 3813 1165 3870 in
1178 3824 1223 3872 te·

119 3913 197 3994 gulis
212 3927 413 3994 reperturum.
427 3908 457 4002 u]

158 4076 204 4132 *ia
218 4078 323 4148 tegulis]
333 4080 368 4132 Et
379 4077 430 4129 hoc
442 4076 555 4130 luxurioe
568 4078 702 4132 Romanu.
721 4077 821 4134 ὃοηοοι
834 4075 905 4148 apud
917 4075 1079 4146 interpretes
1093 4072 1125 4125 ad
1138 4071 1167 4124 h.
1181 4070 1219 4124 L:

211 4161 298 4212 Alunt
310 4158 337 4214 in
350 4159 454 4212 sumnu's
466 4158 615 4214 culminibus
629 4161 737 4214 menii'ta
750 4178 860 4225 uentura,
873 4167 901 4212 ct
912 4155 1095 4230 saavt'gadilium
1105 4154 1221 4224 pristim·
