2916 4838
111 381 354 456 conmittes
371 381 508 449 tredeuti
532 385 752 468 adaquando
769 385 810 449 ed
824 383 988 450 dicendum
1001 384 1206 466 instruereque·

110 481 245 543 riantur.
272 485 376 550 Unum
390 479 511 564 excipio
533 481 695 553 Catonem,
719 481 752 542 iu
775 497 836 562 quo
858 475 1083 563 perlectiesirtm
1102 480 1206 543 Stoico

110 599 262 644 susurnam
271 577 477 661 eloquentiam
492 597 557 652 ιιυιι
567 579 751 642 desiderem.

154 673 340 741 Orationem
355 676 481 740 Catonis
499 697 562 739 una
576 689 696 740 tanturn
718 673 876 739 memoriis
890 674 1007 739 tradita
1020 689 1085 737 eree
1095 644 1205 748 fertur,

109 794 205 885 quam
219 774 350 836 habuit
343 797 375 836 ιιι
390 787 497 838 senatu
509 787 619 840 contra
630 775 692 840 Jul.
711 775 874 848 Caesarem,
891 795 961 838 cum
975 775 1013 839 de
1027 771 1118 839 mulis
1136 791 1208 840 0⁰11·

104 871 276 960 jurationis
290 875 482 941 Catilinarite
502 889 702 958 quereretur.
749 943 762 952 Η

155 970 237 1034 Plut.
248 969 317 1034 Cat
332 971 407 1038 min.
426 993 455 1034 c
468 971 530 1034 23:
546 987 633 1038 Tuitus
646 985 726 1056 pirou,
742 1005 772 1036 ων
790 983 876 1034 Κοίτων
896 1001 959 1047 ειπε,
941 937 1138 1060 διοισῴζισθοιι
1152 979 1212 1050 φασὶ

111 1071 246 1144 τὸνλόγον,
269 1073 402 1144 Κικέρωνος
421 1077 462 1125 τοῦ
476 1071 571 1124 ὓποίτου
592 1073 644 1132 τους
659 1069 815 1142 δισρέροντοις
835 1069 967 1132 ὀξύτητι
939 1089 985 1121 των
999 1085 1030 1142 γ
1033 1071 1080 1139 aql
1080 1091 1111 1121 ων
1124 1071 1211 1140 capeio

110 1159 313 1238 προδιδάξαντος,
336 1171 359 1221 ἐν
373 1167 464 1240 ριἰκροῖς
484 1167 526 1220 ‘toti
539 1169 639 1240 βραχέσι
652 1170 733 1227 ’τύποις
752 1172 846 1220 πολλῶν
867 1166 1018 1241 γραμμάτιον
1033 1167 1119 1233 lquere
1137 1161 1213 1217 διἰνα·

114 1287 169 1336 μιν,
194 1259 238 1317 εἶτ’
258 1269 327 1320 ἄλλον
348 1265 477 1335 ἀλλαχόσι
490 1273 531 1320 τοῦ
554 1261 719 1339 βουλευτηρίου
746 1263 868 1339 σποροῖ3ην
890 1253 1041 1336 ὶμβσλᾶνῦος.
1064 1263 1139 1316 Οὔπω
1163 1261 1211 1335 γὰρ

113 1365 209 1429 ἤσκουν,
234 1363 287 1416 otd’
306 1367 431 1422 ἐκέκτηντο
451 1366 504 1426 τοὺς
521 1368 679 1437 καλουμένους
696 1364 894 1438 σημειογράφους,
916 1361 979 1416 ἀλλὰ
998 1365 1053 1416 τότε
1066 1367 1160 1434 πρῶτον
1182 1361 1215 1421 tle

113 1463 180 1528 ἴχνος
193 1482 215 1514 τι
227 1469 377 1520 καταστῆναι
393 1465 511 1537 λέγουσιν.
543 1442 734 1536 [ingenium
756 1449 938 1531 437οἦ11θῦ348
964 1467 1060 1534 tpettte
1086 1447 1215 1530 exponit

113 1545 200 1610 Plut.
210 1569 241 1610 c.
254 1547 275 1628 4
286 1571 295 1624 ;
307 1547 406 1638 verba
418 1546 585 1610 facientem
598 1547 719 1614 inducit
730 1567 818 1630 capp.
837 1549 868 1624 5,
883 1545 936 1622 43,
953 1544 1006 1622 44,
1025 1547 1075 1625 51,
1089 1545 1142 1628 53,
1159 1541 1213 1604 67.

120 1643 314 1738 Westerm.]
435 1659 437 1664 ’

158 1746 266 1806 Exstat
287 1744 368 1826 apud
395 1743 584 1808 Sallustium
597 1746 697 1807 oratio
718 1739 879 1808 Catonis
871 1763 905 1805 ru
923 1740 1093 1817 Caesarem,
1119 1737 1211 1803 Catil.

115 1857 145 1903 e
164 1838 217 1918 52,
235 1841 385 1922 preclaro
398 1837 561 1904 historici
552 1841 677 1943 ingenio
690 1857 765 1904 sane
760 1837 973 1961 dignissime.

324 1999 491 2070 Llllllll.
522 2000 590 2071 Cu.
619 2001 809 2098 Pompeius
834 1964 1048 2096 Magnus.

160 2169 226 2234 Cic.
245 2169 333 2230 Brut.
351 2188 381 2230 c.
410 2165 462 2240 53,
479 2169 568 2234 239·
560 2213 568 2228 ·
590 2169 677 2234 Meus
694 2167 827 2250 equalis,
844 2167 902 2229 Cu.
919 2166 1093 2250 Pompeius,
1110 2162 1160 2226 vir
1174 2165 1214 2226 ad

116 2264 220 2328 omnia
236 2285 354 2328 summa
371 2278 471 2342 natus,
501 2265 650 2348 majorem
671 2261 798 2328 dicendi
819 2265 950 2344 gloriam
962 2262 1132 2334 habuisset,
1149 2258 1211 2324 uisi

113 2383 183 2424 eum
203 2363 329 2448 majoris
348 2363 454 2448 glorie
482 2364 635 2448 cupiditas
657 2364 696 2422 ad
716 2362 844 2440 bellicas
863 2361 970 2430 laudes
999 2359 1209 2423 abstraxisset.
1240 2365 1307 2438 190

114 2466 190 2526 Erat
212 2461 352 2529 oratioue
374 2460 450 2524 satis
462 2464 594 2548 amplus,
610 2481 677 2522 rem
692 2455 863 2546 prudenter
877 2458 1016 2537 videbat,
1038 2455 1118 2522 actio
1136 2477 1213 2521 reru

113 2560 179 2644 ejus
193 2561 328 2642 habebat
346 2573 378 2623 et
398 2561 432 2622 in
447 2579 523 2624 voce
545 2571 690 2640 magnum
712 2555 906 2640 splendorem
926 2568 967 2623 et
983 2557 1017 2617 iu
1034 2566 1120 2616 motu
1133 2576 1213 2616 sum·
1296 2582 1299 2590 ·

114 2679 195 2721 mam
210 2657 403 2766 dignitatem.
426 2647 528 2766 [Adde
543 2649 599 2726 Or.
615 2675 673 2740 pro
683 2652 762 2720 sest
777 2674 805 2716 c.
822 2645 883 2731 503
874 2655 962 2718 Pro
975 2651 1114 2716 Balbos
1133 2651 1161 2726 1,
1179 2653 1210 2714 7.

113 2761 222 2822 Paucae
231 2768 323 2819 erant
331 2775 397 2836 ejus
410 2749 587 2816 orationest
603 2774 636 2816 v.
664 2749 749 2813 Plus.
775 2749 884 2835 Pomp.
900 2771 928 2812 e
944 2745 996 2812 23.
1021 2699 1209 2840 Westerin]

154 2850 321 2918 Orationes
334 2845 394 2916 Cu.
413 2848 593 2936 Pompeium
611 2839 786 2932 reliquisse,
803 2843 979 2913 testimonio
990 2845 1125 2912 auctoris
1137 2841 1211 2909 Ilia

112 2951 175 3038 logi
188 2950 330 3013 deoratt.
350 2971 379 3012 c.
391 2947 429 3012 37
446 2947 651 3038 comprobare
662 2968 819 3034 possumus
835 2968 843 3007 ι

158 3047 173 3107 ι’
186 3047 298 3112 Nescio
312 3069 353 3111 an
372 3049 518 3118 venerint
527 3051 562 3113 in
572 3070 681 3114 manus
698 3059 819 3112 uestras
831 3047 897 3110 htec
914 3059 1033 3124 uetera,
1050 3059 1163 3133 quaenet
1178 3047 1211 3107 in

115 3137 365 3231 antiquariorum
392 3146 589 3212 bibliothecis
613 3145 711 3211 adhuc
739 3157 867 3237 manent
892 3157 1016 3209 etcum
1035 3147 1167 3208 maxime
1193 3143 1211 3206 a

115 3250 262 3308 Muciano
283 3248 510 3310 contrabuntur
535 3267 572 3308 ac
591 3251 656 3329 jam
675 3245 831 3320 undecim,
859 3256 892 3305 ut
912 3245 1034 3325 opinor,
1060 3247 1212 3312 Actorum

113 3341 204 3408 libris
219 3349 250 3436 ιιι
268 3342 579 3433 tribusepistolarum
602 3343 769 3426 composita
787 3355 820 3402 et
836 3339 920 3404 edita
939 3353 1020 3403 sunt.
1047 3343 1091 3401 Ex
1110 3337 1149 3401 iis
1163 3339 1213 3406 iu·

116 3443 211 3523 [elligi
229 3440 348 3528 polest,
364 3444 419 3508 Cn.
434 3440 617 3523 Pompeium
632 3457 664 3506 et
681 3440 728 3508 M.
746 3439 894 3504 Crassum
910 3457 972 3510 lton
987 3437 1106 3502 viribus
1121 3440 1210 3501 modo

114 3553 145 3605 ct
162 3539 269 3615 armis,
297 3539 350 3606 sed
364 3540 490 3622 ingenio
505 3545 624 3624 quoque
645 3550 677 3602 et
692 3540 832 3604 oratione
845 3539 987 3610 valuisse,
1016 3536 1158 3597 Lentulos
1177 3547 1210 3598 et

114 3637 254 3708 Metellos
275 3650 314 3702 et‘
331 3639 471 3705 Lucullos
489 3629 520 3707 et
539 3643 685 3704 Curiones
700 3655 731 3704 et
745 3650 881 3704 ceteram
899 3656 1061 3722 procerum
1082 3645 1203 3708 martur(

116 3737 268 3802 multum'
259 3758 293 3800 ιιι
314 3738 362 3799 his
377 3741 484 3802 studiis
504 3761 604 3823 operte
624 3745 765 3819 curaeque
778 3739 922 3821 posuisse,
950 3755 1008 3797 uec
1028 3744 1209 3820 quemquam

112 3840 175 3901 illie
190 3839 382 3922 temporibus
401 3852 543 3921 maguam
559 3842 727 3968 ροιιιιιίιιιι
740 3836 809 3906 eine
819 3840 924 3920 aliquo
943 3837 1120 3920 eloquentie
1137 3857 1208 3912 eon·

113 3953 265 4004 secutum.
281 3967 295 3998 ν

150 4076 202 4132 lusu
215 4079 347 4145 uelata]
340 4090 501 4133 .1.e.veters
518 4079 640 4139 {lomene
651 4079 811 4151 eloquentiae
825 4091 1002 4136 monumenta·
