2954 4840
775 333 845 404 348

164 451 235 524 230
287 467 455 534 suciamus]
475 467 493 518 i,
510 484 535 518 e.
553 465 633 520 odite
649 480 735 522 aaut.
754 468 925 524 wentanus
944 488 1005 526 vcro
1023 469 1093 524 nibil
1110 471 1202 541 scripti
1218 471 1276 524 uisi
1292 469 1359 524 duos

330 548 412 602 libros
423 551 466 602 De
477 553 581 603 tactam
594 551 786 620 aQuintiliono
795 553 831 617 V,
842 554 868 616 i,
880 554 906 617 i,
917 565 1131 606 commemoratos
1146 553 1290 608 Domitium
1301 555 1357 607 sdi-

330 635 401 689 diste
408 634 509 710 dicitp.
520 636 570 688 tlt
581 636 602 689 1.
613 636 644 701 l.,
654 637 725 707 quod
734 635 829 692 falsum
838 652 888 692 cst.
902 638 991 692 Edidit
1003 640 1074 693 enim
1085 652 1208 712 proterea
1220 640 1359 695 Oratmtm

331 729 358 771 ct
370 721 505 774 Dictorum
517 723 618 774 urbane
629 719 727 786 libros,
742 739 853 792 quorum
868 719 946 792 plura
963 721 1040 775 etiam
1055 741 1128 775 nunc
1145 723 1173 775 in
1189 723 1359 790 Quintiliano

331 801 454 874 legimus.

302 926 566 1002 ld.v111,5,16:
589 927 667 992 Sunt
686 942 719 992 et
739 928 800 992 olio
821 929 937 1004 relato,
964 942 998 991 ut
1012 929 1095 1010 Afer
1112 931 1271 990 Domitius
1291 952 1360 990 cum

260 1027 461 1090 Domitillam
478 1031 664 1112 defiuderet,
686 1036 736 1090 cui
755 1027 907 1114 objectum
927 1035 1058 1104 crimcn,
1077 1031 1160 1116 quod
1174 1035 1294 1104 virum,
1314 1036 1366 1116 qui

259 1131 337 1187 inter
351 1126 531 1190 rebellantes
536 1131 657 1210 fiterat,
670 1130 837 1209 sepelisset,
849 1135 1011 1192 remiserat
1023 1131 1178 1204 Claudius,
1191 1133 1222 1188 in
1237 1131 1362 1210 epilogo

250 1227 339 1309 filios
354 1224 421 1310 eJits
435 1229 602 1314 alloquens,
614 1230 746 1293 Matrem
758 1244 874 1307 tamen,
890 1235 996 1317 inquit,
1008 1230 1097 1315 pueti
1111 1226 1282 1313 sepelitote.
1388 1273 1390 1281 ,

304 1325 352 1386 Id.
372 1325 433 1397 lX,
455 1326 492 1402 2,
516 1326 575 1389 20:
599 1331 624 1389 Α
645 1347 704 1410 quo
718 1329 875 1392 schcmate
891 1349 952 1390 non
968 1330 1076 1411 procul
1091 1327 1178 1390 abest
1198 1324 1272 1402 illa,
1298 1348 1364 1409 quae

262 1419 376 1484 dicitur
388 1429 639 1495 communicatio,
655 1444 725 1486 cum
739 1438 792 1487 aot
804 1426 888 1510 ipsos
902 1424 1097 1490 adversarios
1111 1423 1310 1501 consulimus,
1331 1439 1367 1487 ut

262 1520 419 1579 Domitius
426 1519 573 1600 Aserpro
582 1521 746 1581 Domitilla
756 1548 767 1582 .-
778 1523 887 1584 Nescit
896 1525 1025 1602 trepida,
1036 1525 1113 1610 quid
1119 1525 1211 1584 liceat
1212 1525 1363 1603 fhmiacc,

260 1620 336 1701 quid
350 1618 509 1706 conjugem
524 1622 645 1699 deceat,·
652 1624 735 1702 forte
745 1644 805 1684 uos
821 1629 853 1683 itt
868 1625 921 1684 ttta
937 1625 1150 1686 sollicitudine
1162 1624 1262 1684 obvios
1273 1645 1366 1684 casas

263 1723 387 1783 misera?
404 1723 525 1784 mulieri
538 1724 663 1784 obtulit.-
675 1740 718 1800 tu,
725 1727 841 1804 frater,
860 1747 927 1801 vos,
941 1732 1064 1805 paterni
1075 1730 1186 1799 amici,
1196 1725 1280 1810 quod
1290 1745 1363 1785 cott-

263 1821 371 1881 silium
388 1822 492 1884 datis?

288 1988 392 2053 frater]
406 2005 466 2042 cum
480 1987 665 2056 Quintilianus
677 1989 757 2050 dicat,
771 1989 866 2043 Altum
877 1988 922 2042 hic
933 1989 1096 2043 adversarios
1108 1987 1289 2048 cousuluisse,
1303 1986 1368 2042 iude

333 2071 454 2142 coquitur
464 2070 572 2127 isati-em
584 2085 612 2126 ot
623 2085 748 2144 paternos
760 2073 859 2126 amicos
870 2085 1037 2128 accusatam
1049 2071 1192 2128 Domitillae
1205 2071 1299 2124 fuisse.
1310 2071 1367 2124 tte-

334 2152 437 2205 futatut·
447 2171 510 2227 ergo
521 2154 635 2208 Getueti
648 2154 748 2226 opinio,
765 2155 811 2226 qui
824 2155 859 2210 ad
871 2156 958 2210 locum
971 2155 1143 2228 supatioreat,
1154 2155 1229 2214 vul,
1247 2157 1273 2218 5,
1290 2156 1333 2217 16,
1352 2174 1369 2208 a

336 2233 400 2286 liliis
415 2235 473 2288 suis
486 2235 648 2288 Domitillam
667 2249 814 2290 accusatam
831 2237 908 2291 dixit.
930 2239 1021 2292 Frater
1039 2251 1066 2292 et
1083 2237 1186 2311 paterni
1204 2237 1283 2290 amici
1297 2235 1367 2289 dictu

335 2315 458 2370 dicebant
466 2317 617 2382 Domitillae,
627 2334 784 2390 quamquam
792 2319 923 2374 Claudius
936 2322 1078 2394 imperator
1091 2317 1221 2392 objectum
1231 2321 1257 2372 ei
1267 2321 1369 2372 crimen

332 2398 386 2471 jam
399 2401 550 2454 remiseram
564 2419 646 2472 querc
658 2415 746 2456 orator
758 2403 787 2456 in
799 2403 903 2476 epilogo
915 2403 947 2456 ad
958 2403 1029 2457 lilios
1041 2413 1194 2457 convertens
1208 2402 1369 2467 orationem,

335 2488 382 2560 qui
391 2489 468 2541 matti
479 2486 616 2561 injudicio
627 2490 774 2556 adstabant,
787 2491 871 2544 dixitt
881 2509 942 2545 cum
954 2503 1038 2544 matat-
1046 2489 1187 2563 aliquando
1194 2499 1284 2542 vasum
1292 2489 1365 2542 dicut

335 2574 432 2652 obibit,
449 2595 484 2632 aa
496 2577 668 2644 cunctamini,
682 2577 726 2650 pio
738 2579 822 2632 iuuus
835 2578 895 2651 ejus
906 2580 1046 2650 prosequi,
1060 2577 1231 2649 quamvishic
1242 2577 1326 2630 irater
1337 2590 1366 2630 et

336 2659 413 2714 amici
424 2659 528 2732 paterni
540 2660 572 2714 ab
586 2661 674 2716 cilicio
686 2680 716 2716 ac
728 2662 826 2734 pietate
835 2681 882 2716 vos
890 2661 1035 2716 diambae
1047 2662 1168 2734 cupiant.

308 2809 357 2870 Id.
365 2807 420 2885 tx,
431 2809 462 2885 3,
472 2812 528 2874 66:
542 2821 709 2894 napstsposta
721 2831 782 2874 non
792 2831 855 2875 uno
865 2814 955 2876 modo
965 2811 1033 2876 lieri
1044 2814 1134 2887 solet,
1144 2813 1197 2876 scd
1208 2833 1246 2874 ex
1255 2810 1372 2874 vicinia

268 2905 397 2985 quadam
410 2902 553 2987 proedicti
567 2903 701 2968 nominis
715 2909 807 2970 ducta
822 2907 944 2979 casibus
956 2905 1155 2972 declinatur:
1171 2922 1206 2970 ut
1216 2910 1373 2969 Domitius

266 3001 415 3080 Afirpro
427 3001 602 3062 Domitillae
614 3003 730 3064 Mulier
740 3008 881 3064 omnium
896 3025 1000 3065 rerum
1014 3009 1169 3087 impertio,
1183 3011 1215 3064 irt
1230 3004 1371 3065 omnibus

269 3096 358 3158 relus
370 3098 493 3179 mfelta.

304 3240 331 3288 in
342 3238 457 3290 omnibus
468 3240 554 3306 robus]
567 3238 748 3292 canonisatio
765 3238 871 3292 casibus
888 3237 1037 3292 dccliumur
1050 3239 1080 3292 ia
1092 3238 1141 3292 illo
1154 3243 1270 3292 omnium
1284 3255 1370 3291 rerum

340 3334 368 3375 et
378 3328 407 3375 in
417 3327 536 3376 omnum
546 3326 631 3378 reltut.

313 3461 359 3523 ld.
374 3459 432 3537 tx,
451 3461 483 3538 4,
503 3462 560 3524 31:
583 3462 709 3527 Solebat
728 3463 804 3526 Alcr
823 3463 979 3526 Domitius
998 3460 1145 3543 trajiccoc
1164 3460 1198 3522 in
1221 3459 1374 3524 clausulas

272 3560 368 3622 verba
378 3572 499 3626 tautum
508 3565 689 3645 asperandae
697 3559 929 3644 compositionis
936 3562 1078 3642 madoci
1086 3556 1219 3623 maxime
1229 3560 1263 3622 in
1273 3579 1374 3641 prooe·

273 3658 353 3737 miis,
367 3675 401 3724 ut
409 3683 469 3742 pto
479 3665 649 3725 Doutitilltt:
664 3664 789 3724 Gratias
798 3684 894 3743 agam
906 3666 1057 3723 continuo.

307 3805 436 3869 continuo]
450 3801 505 3854 boec
517 3821 567 3854 vox
580 3819 703 3854 numeros
715 3799 914 3873 compositionis
928 3798 1042 3864 diremit,
1054 3797 1083 3851 in
1099 3797 1219 3852 clausula
1231 3793 1328 3868 posita.

178 3945 242 4018 231
315 3926 364 3987 ld.
379 3925 486 3987 eodem
500 3925 585 3986 loco:
603 3927 640 3986 Et
651 3945 711 4002 pro
722 3923 819 3982 Laelia
832 3918 924 4004 (dixit
936 3922 1042 4008 Aler):
1061 3922 1120 3984 llis
1131 3906 1284 4004 utriusque
1296 3917 1380 3998 apud

275 4041 315 4100 te,
324 4019 475 4106 Jitdicem,
487 4023 676 4116 periclitatur
687 4021 799 4082 Ltelia.
857 4019 863 4027 '
884 4106 887 4115 Ι

312 4160 405 4226 Latia]
420 4160 473 4212 bac
488 4169 539 4212 tm
550 4158 579 4212 ia
591 4157 713 4212 clausula
727 4175 865 4212 numerum
879 4159 1002 4214 orodouis
1016 4156 1146 4214 dissolvit.
