2934 4846
114 448 234 516 stravit.
253 453 374 528 Notior,
393 471 564 532 quanquam
577 474 686 535 parum
702 453 841 526 honeste,
858 454 907 512 M.
923 454 1204 537 Br·otus‚squiaecu.

113 554 260 614 satoriam
272 554 368 615 vitam
390 553 551 616 factitavit.
578 551 628 640 [V.
646 557 684 616 lr.
703 577 734 636 p.
762 557 817 618 131
836 554 899 642 sqjl
917 554 1007 618 cont.
1030 557 1095 618 Cio.
1116 564 1203 625 Brut.

114 675 143 716 e.
162 654 214 726 34,
235 651 308 727 130,
330 651 420 717 offic.
445 658 485 730 11,
506 657 631 733 1t,etc.
651 657 710 721 Sed
735 657 845 721 Cicero
860 659 1013 720 invidiose
1026 658 1111 732 lacit,
1128 667 1206 742 quod

114 755 222 836 inepta
232 756 346 826 Graeca,
358 769 390 816 et
402 758 541 830 Romana
552 760 754 840 componendi
765 761 933 842 cupiditate
947 761 1029 823 hune
1040 761 1206 836 hominem,

114 852 202 913 nulla
215 853 345 914 honesta
360 865 427 914 arte
442 867 566 928 notum,
585 857 617 915 in
637 856 704 918 loeo
720 857 809 918 Bruti
827 876 896 918 oum
915 858 1105 920 sanctissimo
1119 861 1212 922 Athe·

114 950 269 1014 niensium
283 955 423 1036 Lycurgo
436 969 606 1035 comparat.

165 1049 215 1112 32.
238 1051 382 1130 Sequitur
396 1052 446 1110 vir
459 1051 507 1111 his
526 1050 618 1128 longe
633 1050 783 1130 superior,
805 1052 845 1130 Q.
866 1051 997 1112 Lutatius
1013 1057 1051 1134 Q.
1065 1057 1104 1116 F.
1124 1058 1211 1118 Catu.

115 1153 184 1226 lus,·
205 1153 242 1212 de
258 1172 318 1234 quo
333 1150 409 1212 satis
423 1132 678 1232 testimoniorum,
702 1161 907 1231 praeterquam
923 1154 1003 1231 quod
1022 1173 1072 1214 res
1087 1156 1214 1220 bellicas

116 1267 150 1316 et
168 1264 300 1314 mortem
315 1251 437 1325 attinet,
461 1271 523 1314 non
538 1263 658 1314 exstare
673 1251 837 1313 dolendum
856 1263 914 1314 est.
932 1252 990 1314 llic
1003 1255 1105 1330 gentis
1118 1257 1215 1320 inter·

115 1361 272 1414 mortuam
291 1347 421 1426 gloriam
434 1349 629 1410 instauravit.
646 1349 724 1410 Nam
738 1361 807 1428 post
827 1348 862 1410 C.
888 1348 1054 1426 Lutatium,
1072 1352 1124 1430 qui
1139 1373 1213 1415 eon·

115 1451 165 1514 sul
182 1450 257 1512 vitio
274 1449 372 1510 sactus
391 1467 423 1508 a.
440 1451 481 1514 U·
499 1448 560 1512 533
577 1469 645 1512 cum
660 1449 778 1527 collega
795 1469 828 1512 se
842 1449 1024 1526 magistratu
1042 1449 1211 1531 abdicarit,

118 1571 209 1622 nemo
230 1551 268 1612 ad
287 1569 420 1610 summos
439 1549 573 1612 honores
590 1563 787 1632 pervenerat.
810 1551 857 1610 De
879 1547 969 1628 hujus
982 1553 1214 1630 magistratibus
1289 1541 1313 1576 ⁸*

119 1672 182 1714 non
192 1661 325 1723 constat,
342 1660 374 1710 et
383 1649 497 1710 laetum
511 1649 550 1711 oh
566 1669 717 1724 annorum
728 1650 973 1730 rationemuuod
985 1665 1166 1729 quaestorem
1181 1674 1212 1716 a.

122 1749 198 1824 632,
218 1746 378 1808 tribunum
401 1745 473 1822 637,
491 1747 610 1808 aedilem
624 1749 699 1820 641,
714 1759 879 1828 praetorem
896 1747 968 1818 645,
986 1747 1060 1810 lacit
1074 1749 1212 1828 Pighius.

119 1849 199 1910 Nam
215 1845 403 1906 consulatum
425 1865 454 1906 a.
479 1845 538 1906 stt
563 1847 674 1926 petisse
691 1859 722 1907 et
742 1845 788 1908 his
808 1845 962 1925 repulsum
977 1845 1012 1908 C.
1031 1847 1127 1908 Atilio
1145 1849 1215 1912 Ser·

121 1964 212 2015 rano,
229 1943 281 2022 qui
291 1961 354 2002 non
368 1941 452 2004 omni
466 1943 574 2002 saltem
594 1942 681 2003 laude
697 1955 831 2014 careret,
853 1943 906 2004 sed
920 1941 1014 2002 etiam
1028 1941 1087 2004 Cn.
1099 1943 1215 2007 Manlio

120 2043 168 2128 (a.
185 2042 267 2125 sta)
282 2039 501 2122 posthabitum,
524 2041 644 2104 homini
663 2041 729 2104 sine
741 2042 877 2120 ingenio,
900 2041 965 2106 sine
980 2041 1105 2117 uirtute,
1130 2044 1215 2104 deni-

122 2160 182 2222 que
200 2159 240 2200 ne
252 2139 353 2216 gratia
370 2139 492 2218 quidem
507 2151 560 2198 aut
570 2139 710 2222 populari
723 2138 813 2202 laude
827 2137 962 2211 florenti,
981 2139 1102 2200 disertis
1111 2140 1217 2202 verbis

122 2251 222 2301 exstat
235 2237 315 2320 apud
333 2235 399 2298 Cic.
416 2235 472 2298 Or.
495 2257 552 2318 pro
575 2237 681 2300 Plane.
705 2257 732 2298 c.
751 2236 786 2312 5,
807 2237 859 2319 qui
874 2237 971 2300 multa
985 2237 1030 2299 ihi
1049 2238 1215 2318 insignium

122 2341 314 2421 repulsarum
325 2338 463 2418 exempla
476 2335 608 2416 colligit.
632 2339 745 2400 Consul
762 2341 882 2400 demum
898 2359 968 2402 cum
983 2341 1082 2402 Mario
1096 2362 1126 2402 a.
1155 2341 1213 2404 651

121 2441 233 2514 faetus,
255 2450 323 2520 post
344 2437 556 2516 magistratum
571 2452 738 2518 prorogato
763 2441 894 2521 imperio
908 2439 943 2500 in
956 2440 1136 2504 societatem
1155 2442 1219 2504 lau·

123 2543 197 2602 dum
210 2539 248 2602 C.
263 2537 366 2609 Marii,
384 2536 497 2598 veteris
512 2537 648 2616 eollegae,
666 2539 819 2619 pervenit.
832 2539 893 2602 Sed
911 2559 1011 2620 neque
1024 2538 1100 2613 haee,
1117 2559 1218 2620 neque

123 2652 269 2712 mortem,
287 2637 337 2699 eui
349 2657 403 2697 suu
418 2639 487 2698 viee
498 2637 665 2719 crudeliter
679 2651 861 2720 parentatus
869 2639 953 2701 Sulla
969 2637 1084 2699 dicitur
1099 2658 1148 2719 ap.
1168 2638 1220 2700 Se·

124 2741 296 2804 necamDe
307 2739 356 2800 ira
368 2739 435 2812 lll,
453 2738 509 2822 18,
527 2759 625 2820 neque
639 2742 705 2821 ejus
719 2753 933 2817 monumenta,
958 2741 991 2802 in
1004 2737 1112 2823 primis
1125 2741 1221 2824 porti·

61 2868 65 2874 ·
126 2860 196 2901 cum
210 2857 289 2918 saepe
303 2835 448 2899 Ciceroni
463 2849 674 2912 memoratam,
692 2837 767 2898 satis
779 2837 860 2899 notis
871 2850 1031 2900 auctorum
1038 2837 1221 2899 testimoniis

125 2933 359 2998 cumulahimus.
376 2933 438 2995 Sed
451 2921 618 2996 eruditioni
632 2948 664 2996 et
677 2933 862 2997 humanitati
875 2933 977 2998 Catuli
992 2954 1094 3008 veras,
1121 2945 1157 2994 ut
1169 2935 1215 2996 ri·

126 3036 229 3108 detur,
250 3031 352 3092 multis
369 3032 445 3095 locis
465 3032 569 3094 laudes
583 3031 704 3094 tribuit.
728 3035 839 3098 Graece
859 3034 1066 3096 doctissimum
1085 3035 1161 3096 facit
1172 3035 1221 3095 De

126 3143 207 3194 orat.
225 3132 267 3205 ll,
284 3130 317 3195 l:
333 3129 443 3190 multas
455 3129 563 3190 literas
574 3129 843 3210 suavissimumque
854 3151 923 3193 cnm
937 3151 1054 3192 summa
1067 3133 1222 3210 gravitate

126 3251 224 3312 genus
252 3229 376 3292 dicendi
404 3229 557 3311 praeeipue
586 3229 689 3290 Latini
722 3231 873 3293 sermonis
910 3243 941 3292 et
972 3232 1223 3315 appellandarum

128 3332 289 3393 literarum
307 3329 467 3410 elegantiae
481 3327 623 3409 junctum
649 3330 678 3390 ei
705 3330 893 3412 adscriptum
915 3332 1051 3395 videmus
1071 3333 1160 3393 Brut.
1192 3349 1221 3389 c.

130 3429 193 3501 35,
220 3432 268 3492 De
296 3445 375 3494 orat.
406 3429 461 3502 111,
493 3427 534 3490 38
564 3425 654 3506 (coll.
681 3427 813 3510 Quintil.
845 3430 909 3502 Xl,
937 3430 979 3504 3,
1011 3429 1080 3514 35),
1105 3439 1225 3490 rectum

129 3538 232 3588 autem
257 3539 289 3588 et
309 3526 470 3608 pulchrum
500 3521 680 3604 assequendi
699 3524 832 3586 studium
853 3528 921 3590 Pro.
938 3527 1032 3589 Arch.
1062 3545 1091 3586 e.
1126 3524 1162 3603 3,
1194 3540 1229 3586 ut

129 3626 222 3706 plane
251 3626 378 3688 Laelium
409 3623 509 3684 visum
531 3642 596 3686 esse
618 3622 689 3704 jure
712 3624 928 3703 pronuntietur
951 3625 1072 3686 Tusenl.
1101 3626 1139 3698 V,
1173 3627 1223 3688 19.

130 3725 221 3790 Unde
248 3721 438 3803 elegantibus
464 3719 530 3800 ejus
553 3718 652 3782 literis
673 3721 757 3781 dedit
788 3722 915 3794 Cicero,
948 3725 1028 3802 quod
1049 3709 1225 3805 disputatio-

131 3826 179 3886 nis
199 3828 246 3886 De
266 3838 392 3888 oratore
408 3839 529 3907 partem
550 3822 667 3884 hahere
690 3823 796 3884 voluit.
813 3827 883 3889 Non
902 3824 1011 3904 exigua
1026 3825 1181 3905 elegantia
1194 3825 1228 3884 in

133 3926 249 3988 duobus
262 3927 323 3990 illis
338 3925 571 4009 epigrammatis
588 3925 690 3986 inesse
704 3924 838 3998 videtur,
865 3945 931 4006 quae
945 3928 1025 4010 apud
1039 3930 1078 3989 Α.
1094 3925 1230 3991 Gellium

134 4023 222 4100 XlX,
241 4026 272 4098 9,
287 4037 320 4086 et
332 4024 400 4087 Cic.
416 4027 464 4088 De
479 4036 544 4086 nat.
558 4025 646 4086 deor.
674 4023 701 4095 l,
718 4021 770 4099 28,
784 4035 916 4086 exstant.
934 4024 1080 4102 Ceterum
1091 4019 1231 4085 earmina

1087 4133 1103 4188 6
