2904 4840
765 314 828 382 116

284 453 361 536 Cap.
383 453 427 513 2:
444 464 534 528 Φαβίου
549 463 576 516 di
594 464 706 534 Μαξίμου
724 464 765 518 τὴν
785 461 934 533 Ταραντίνων
954 462 1022 514 πόλιν
1044 463 1146 525 ἑλόντος,
1168 463 1238 528 ε’τυχο
1260 463 1301 530 μὲν
1323 459 1334 512 i

228 563 327 618 ’Κότυν
352 566 534 636 στρατευόμενος
559 566 600 616 ὑπ’
629 566 712 635 αὐτῷ,
741 561 829 635 κομιδῇ
859 563 980 635 μειράκιον
1008 566 1049 617 ὢν.
1090 551 1192 634 Quum
1227 550 1338 612 Fabius

240 653 407 712 Tarentum
421 661 547 732 caperet
560 669 643 710 anno
660 647 732 722 stt,
749 649 826 712 Cato
840 667 938 711 annos
954 647 994 712 25
1011 659 1101 711 uatus
1115 661 1196 712 erat.
1224 681 1227 686 ·

281 746 360 828 Cap.
379 747 416 809 Ῐ5
434 772 443 806 ³
460 763 564 832 Λέγεται
583 761 662 834 ὀλίγον
677 761 840 820 ἀπολιπούσας
861 768 906 812 τῶν
920 761 1069 844 πεντήκοντα
1084 763 1166 834 φυγεῖν
1182 759 1262 824 δίκας,
1281 759 1338 829 μίαν

154 907 157 915 ,
241 855 268 908 δί
287 855 426 908 τελευταίαν
445 856 469 918 li
489 859 529 914 tm
548 856 590 909 καί
614 855 764 930 ὀγδοήκοντα
781 858 920 932 γεγονός...
952 860 1076 930 Τεσσόρων
1094 856 1209 910 δᾶλλων
1228 859 1338 909 ἐνιαυτῶν

239 966 385 1032 διελθόντων,
405 968 512 1040 Σερουίου
528 969 613 1034 Γοίλβα
631 969 793 1042 κατηγόρησεν
808 969 957 1025 ἐννενήκοντα
972 969 1077 1042 γεγονὼς
1091 969 1141 1024 ἔτη.
1161 956 1239 1018 Cum
1250 954 1340 1018 Livio

238 1071 365 1134 prorsus
378 1055 534 1116 consentit
549 1055 747 1117 Plutarchus.

279 1153 356 1234 Cap.
373 1156 410 1216 16
423 1179 431 1213 t
446 1171 492 1224 Τῆς
502 1163 525 1216 δ
535 1165 652 1223 ὑπατείας
661 1165 763 1215 κατόπιν
778 1166 839 1214 ἔτεσι
853 1162 915 1215 δέκα
927 1157 1071 1235 crpus-timi
1081 1163 1167 1216 Κότυν
1176 1161 1338 1234 παρήγγειλε.

238 1251 317 1315 Cato
331 1255 438 1316 consul
452 1265 522 1315 erat
536 1255 610 1324 558,
635 1270 798 1313 censuram
813 1248 878 1328 egit
896 1255 967 1326 569,
994 1247 1220 1332 quinquaginta
1243 1268 1341 1311 anuos

238 1364 329 1416 natus
347 1353 398 1413 vel
412 1351 545 1432 quinque
568 1362 600 1411 et
613 1347 837 1428 quinquaginta
856 1367 956 1408 annos
974 1349 1142 1409 secuudum
1160 1348 1294 1409 Livium.

280 1450 360 1514 Cum
374 1451 461 1512 Livio
476 1469 570 1530 porro
584 1447 728 1527 congruit
742 1446 885 1510 Valerius
898 1442 1049 1507 Maximus
1063 1467 1130 1520 vm,
1150 1448 1180 1520 i,
1209 1451 1221 1507 1
1236 1469 1244 1508 ι
1264 1447 1340 1507 Cato

239 1565 359 1610 sextum
375 1562 404 1606 et
421 1548 640 1623 octogesimum
656 1565 769 1603 annum
790 1563 897 1624 agens,
920 1544 992 1601 dum
1009 1547 1041 1602 in
1054 1562 1127 1621 rep.·
1137 1545 1246 1600 tuenda
1254 1539 1329 1624 juve

238 1652 297 1710 nili
314 1653 416 1710 attimo
431 1660 558 1727 perstat,
576 1645 615 1704 ab
632 1650 768 1705 inimicis
787 1645 914 1724 capitali
927 1648 1057 1703 crimine
1077 1659 1233 1704 accusatus
1253 1665 1342 1703 suam

239 1772 365 1812 causam
378 1754 449 1829 egit.
468 1749 550 1828 Quin
562 1750 654 1804 etiam
674 1751 705 1806 in
725 1751 792 1826 ipso
810 1748 979 1805 diutissime
992 1761 1069 1805 acta
1084 1745 1341 1826 vitoefiaediser-

239 1855 354 1911 tissimi
371 1853 517 1924 oratoris,
541 1847 665 1922 Galba,
683 1851 873 1908 accusationi
892 1847 1106 1928 defensionem
1119 1867 1206 1905 suam
1221 1865 1280 1923 pro
1291 1845 1343 1904 Hi·

239 1954 349 2029 spania
358 1953 511 2025 opposuit.
1113 1933 1114 1938 Ἰ
1292 1955 1295 1960 “

280 2046 436 2105 Praetereo
456 2045 617 2107 Aurelium
631 2045 791 2108 Victorem
811 2046 858 2106 Dc
877 2041 957 2110 viris
967 2041 1014 2103 ill.
1032 2043 1084 2117 tl,
1110 2043 1238 2123 quinon
1254 2061 1345 2103 accu-

239 2151 307 2202 rate
317 2160 472 2202 annorum
486 2142 558 2202 vitae
569 2161 732 2203 numerum
741 2139 880 2202 tradidit.
898 2137 996 2218 Magis
1011 2151 1114 2200 autem
1130 2137 1344 2202 memorabilia

239 2253 310 2302 sunt
323 2241 422 2303 verba
620 2251 621 2256 ’

279 2340 420 2404 Cornelii
436 2344 564 2426 Nepotis
579 2344 650 2406 Cat.
668 2363 696 2406 c.
721 2345 740 2405 2
756 2365 764 2404 ι
783 2343 917 2402 Circiter
930 2359 1025 2404 annus
1037 2348 1186 2423 octoginta
1199 2363 1292 2426 usque
1309 2344 1349 2401 od

239 2455 414 2500 extremam
440 2457 562 2503 aetatem
586 2443 624 2502 ab
639 2443 845 2503 adolescentia
864 2443 1043 2520 reipublicae
1069 2463 1167 2503 causa,
1190 2445 1350 2520 suscipere

240 2543 422 2600 inimicitias
438 2562 498 2600 nou
517 2543 640 2600 destitit.
658 2538 865 2621 -Equidem
880 2539 996 2616 nescio,
1014 2551 1117 2601 utrum
1134 2539 1188 2599 hic
1212 2539 1349 2620 scriptor

240 2638 345 2700 dicere
370 2639 522 2715 voluerim
549 2659 607 2721 per
630 2658 728 2700 annos
753 2637 881 2699 circiter
911 2635 1070 2716 octoginta
1090 2639 1124 2698 in
1147 2638 1214 2699 loro
1239 2655 1346 2699 causas

171 2717 213 2824 11
240 2735 352 2795 dixisse
376 2735 544 2810 Catonem,
570 2733 614 2796 ita
637 2749 672 2796 ut
692 2731 826 2816 amplius
847 2732 1019 2814 nonaginta
1042 2753 1142 2795 annos
1170 2735 1347 2798 necessarie

243 2834 371 2896 vixisset
386 2833 470 2917 (nam
483 2837 556 2897 inde
568 2856 586 2896 a
597 2833 717 2897 decimo
729 2834 827 2896 aetatis
837 2856 919 2897 anno
935 2848 1020 2898 certe
1036 2853 1099 2896 non
1110 2835 1348 2917 poterat'patro·

244 2951 301 2996 nus
314 2931 407 3014 esse),
436 2953 477 2992 an
502 2929 605 3012 potius
623 2929 822 3008 existimarit,
845 2925 994 2995 Catonem
1013 2934 1163 3012 usquead
1177 2947 1350 3014 extremam

243 3038 376 3099 atatem,
394 3028 480 3108 cujus
495 3028 663 3090 terminum
683 3049 765 3090 anno
780 3031 846 3092 lere
867 3030 1055 3108 octogesimo
1070 3027 1222 3109 attigerit,
1241 3039 1349 3092 causas

243 3122 350 3202 egisse.
379 3123 524 3187 Ceterum
547 3144 617 3185 cum
642 3123 802 3203 sentirem,
821 3131 904 3189 hanc
928 3129 1035 3190 Vitam
1062 3125 1200 3188 Cornelii
1219 3129 1350 3210 Nepotis

243 3226 382 3287 omnium
400 3223 533 3288 maxime
548 3226 703 3290 historicis
724 3230 891 3291 virtutibus
920 3231 1041 3305 carere,
1070 3230 1251 3309 impetrare
1264 3251 1282 3291 a
1295 3245 1349 3293 'me

245 3349 308 3392 non
322 3325 420 3408 potui,
437 3349 497 3409 quo
512 3326 613 3392 minus
626 3332 814 3393 sententiam
829 3351 928 3394 meam
941 3335 979 3394 de
989 3335 1050 3393 hoc
1059 3325 1189 3392 auctore
1209 3331 1349 3394 breviter

245 3444 444 3507 exponerem.
465 3427 520 3486 llae
545 3424 626 3490 Vitae
645 3425 787 3511 (excepta
806 3430 878 3492 Vita
897 3427 1003 3510 Attici)
1025 3425 1172 3488 Cornelio
1199 3425 1349 3490 historico

245 3546 373 3618 prorsus
386 3542 459 3590 sunt
471 3527 619 3608 indignae.
645 3532 687 3602 ls,
706 3528 759 3611 qui
775 3551 827 3591 eas
842 3530 977 3610 scripsit,
1001 3527 1209 3590 homobonus
1225 3529 1349 3611 quidem

246 3639 278 3688 et
301 3629 437 3708 prudens
463 3643 519 3706 est,
539 3632 593 3692 sed
614 3613 774 3708 ingenium
788 3641 878 3710 atque
893 3627 1012 3690 indoles
1037 3627 1179 3700 historici
1193 3630 1222 3691 ci
1237 3615 1343 3692 defuit.

247 3723 348 3804 Atque
359 3721 393 3786 in
408 3747 495 3788 usum
507 3727 682 3789 scholarum
696 3747 714 3786 a
731 3725 941 3805 ludimagistro
963 3725 1096 3806 quodam
1110 3728 1248 3788 Romano
1265 3747 1347 3790 com·

244 3818 362 3902 positas
378 3841 443 3887 esse
466 3822 665 3888 crediderim.
688 3822 798 3886 Eidem
823 3843 918 3905 porro
942 3825 1063 3895 saeculo,
1085 3825 1120 3887 in
1146 3845 1206 3906 quo
1227 3824 1352 3885 Aurelii

247 3921 386 3984 Victoris
399 3925 474 3988 Viri
490 3925 622 3982 illustres
633 3932 665 3982 et
683 3921 833 3997 Ccesares,
853 3919 1012 4002 originem
1029 3941 1198 4005 sumpsere,
1217 3940 1270 3982 eas
1282 3920 1350 3982 vin-

246 4022 328 4086 uico.
348 4027 540 4108 Quamquam
554 4034 587 4082 et
600 4021 727 4082 Aurelii
752 4022 888 4086 Victoris
900 4023 975 4086 Viri
993 4025 1125 4085 illustres
1136 4035 1168 4083 et
1185 4021 1346 4094 Caesares,
1395 4099 1400 4107 ι

247 4123 299 4201 qui
314 4123 369 4183 sub
383 4121 518 4201 ejusdem
533 4115 659 4181 nominc
673 4120 827 4197 seruntur,
845 4141 908 4185 non
929 4122 967 4184 ab
983 4125 1090 4186 eodem
1105 4121 1258 4202 scriptore
1280 4138 1347 4204 pro·
