2934 4846
358 867 987 1027 PRAEMONITUM.

595 1207 777 1218 -——-—--
815 1203 817 1211 ¹

176 1406 362 1482 Librarius
382 1429 493 1504 qumn
520 1405 558 1477 in
584 1419 743 1480 coesset
766 1419 805 1479 ut
825 1404 937 1480 chn.
965 1405 1108 1480 Murum
1133 1407 1223 1479 Fro-

125 1547 270 1636 9mentu
291 1545 472 1605 oratorum
491 1531 750 1614 Romanorum,
773 1530 1112 1627 praestantissimum
1132 1555 1223 1629 opus

126 1670 164 1734 et
183 1671 258 1731 tam
277 1653 455 1752 juventuti
474 1652 687 1728 academicae
706 1678 815 1751 quam
833 1653 1107 1730 Jurisconsultis
1127 1657 1223 1731 aliis-

129 1803 200 1876 que
217 1759 340 1852 doctis
352 1776 441 1851 viris
459 1774 584 1850 Galliae
602 1775 705 1850 valde
722 1777 937 1874 expetitum,
959 1778 1034 1852 suis
1051 1778 1146 1876 typis
1165 1805 1224 1853 or-

52 1949 56 1956 ·
130 1903 249 1978 natius
273 1913 469 2001 repeteret,
500 1925 559 1975 me
584 1899 687 1984 adiit,
714 1923 822 1998 quem
846 1899 1036 1977 adnotasse
1061 1903 1226 2000 quaedam

131 2026 176 2100 de
190 2026 260 2099 hoc
273 2025 368 2100 libro
380 2023 557 2099 audierat.
573 2022 650 2120 Ego
664 2021 823 2121 primmn
842 2049 1014 2111 renuere3
1037 2026 1100 2103 sed
1114 2052 1225 2127 quum

132 2171 256 2223 rerum
278 2147 338 2224 ille
354 2146 579 2222 documentis
603 2146 693 2220 mihi
713 2149 968 2245 perprohasset
991 2150 1225 2228 'lurioensem

133 2269 322 2347 librarium
334 2271 546 2368 longissime
558 2270 684 2346 abesse
697 2282 736 2346 ut
749 2295 882 2347 novam
899 2274 1094 2350 editionem
1107 2291 1225 2373 paret,

133 2416 251 2490 neque
270 2392 478 2467 doctissimo
498 2396 645 2490 Meyero
663 2392 856 2492 quicquam
875 2395 998 2472 damni
1017 2398 1154 2472 illatum
1168 2399 1226 2483 iri,

134 2527 166 2602 si
193 2527 309 2602 aliena
334 2526 373 2600 in
399 2539 497 2601 terra
523 2533 744 2624 repeteretur
773 2521 884 2620 ipsius
909 2521 1019 2607 liber,
1052 2547 1170 2598 meam
1194 2521 1228 2596 ei

133 2673 261 2724 curam
284 2661 457 2746 praestare
479 2648 635 2724 decrevi.
657 2647 721 2720 llis
744 2658 865 2720 autem
886 2644 1114 2741 potissimum
1138 2647 1231 2723 liber

134 2769 307 2868 optimus,
322 2768 453 2867 dequo
469 2768 559 2866 quid
578 2769 731 2844 sentiam
751 2766 892 2865 pridem
913 2767 952 2839 in
970 2766 1091 2842 Jahnii
1109 2768 1231 2845 Anna-

136 2893 230 2967 libus
252 2891 375 2992 philol.
396 2891 565 2991 exposui,
593 2893 713 2992 paullo
731 2904 768 2968 et
792 2890 983 2990 perfectior
1011 2905 1048 2968 et
1071 2917 1231 2970 commo-

136 3015 241 3090 diore
258 3039 327 3089 usu
343 3015 423 3090 lieri
443 3039 549 3113 posse
572 3014 759 3091 videbatur
780 3040 788 3086 :
811 3027 852 3089 ut
867 3015 1026 3112 primum
1046 3017 1117 3092 loci
1136 3031 1230 3094 vete·

137 3163 220 3212 rum
250 3141 486 3239 scriptorum,
508 3142 697 3240 exquibus
721 3141 936 3218 Editornon
954 3168 1040 3220 raro
1064 3149 1232 3245 pauciora
1345 3209 1351 3222 ,

138 3286 248 3360 quam
271 3289 331 3340 res
354 3265 557 3366 postrdabat
575 3265 686 3340 verba
705 3261 947 3364 excerpserat,
965 3286 1234 3368 apponerentur

141 3386 341 3484 pleniorcs3
368 3387 498 3464 deinde
522 3400 562 3462 ut
585 3388 786 3486 fragmenta
810 3390 855 3466 ad
874 3391 1073 3482 editiones,
1101 3399 1132 3471 si
1156 3397 1235 3472 fieri

141 3522 282 3606 posset,
303 3511 472 3587 meliores
490 3513 548 3587 rel
560 3511 606 3586 ad
622 3512 720 3610 ipsos
738 3513 881 3591 codices
899 3516 1030 3593 iterum
1046 3521 1235 3619 exigeren-

141 3645 219 3719 tur;
242 3645 319 3710 tum
337 3647 378 3710 ut
393 3635 661 3734 explicarentur
673 3637 732 3710 rel
751 3639 1021 3738 corrigerentur
1035 3644 1154 3742 aliqua
1172 3647 1235 3720 ob-r

142 3756 307 3830 scuriora
330 3758 387 3833 vel
414 3771 602 3857 corrupta;
629 3758 783 3858 denique
808 3775 847 3836 ut
873 3765 1086 3842 accederent
1109 3791 1190 3866 quae
1216 3796 1237 3842 a

140 3877 250 3951 nobis
269 3879 421 3977 reperiri
434 3892 627 3978 potuerunt
639 3878 839 3980 fragmenta
852 3909 956 3960 nova.
971 3886 1109 3977 Quibus
1122 3891 1237 3962 omni-

145 3999 213 4075 bus
240 4001 288 4074 ita
314 4002 516 4078 satisfacere
545 4003 761 4092 studuimus,
785 4021 823 4084 ut
850 4009 927 4084 haec
947 4009 1056 4085 editio
1079 4035 1154 4085 non
1175 4035 1239 4084 no-
