2904 4840
620 323 664 394 95

97 463 225 530 cst,.quo
239 451 370 513 Actiaca
383 450 518 528 uictoria
531 455 658 536 longum
673 459 712 520 de
729 456 816 524 orbis
826 454 959 536 imperio
975 469 1133 519 certamen
1146 457 1191 519 di·

97 562 250 632 remptum
270 549 328 612 luit
348 549 391 634 (a.
411 553 499 637 722.)
516 553 733 633 Abrogaverat
752 555 836 618 enim
851 550 989 616 Antonio
1003 556 1193 617 consulatum

2 671 3 730 q
97 662 234 724 senatus,
262 669 333 711 curn
357 649 471 714 bellum
494 653 680 728 exoriretur,
699 667 740 717 'et
763 652 796 716 iu
822 654 888 736 ejus
913 653 1015 714 locum
1035 651 1131 712 lactus
1149 667 1194 714 est

2 741 3 744 '
97 747 237 809 Messala.
253 748 291 810 V.
306 746 438 812 Dionem
453 750 489 825 L,
502 751 551 812 10.
571 756 645 816 Post
659 773 793 834 pugnarn
805 753 968 816 Actiacam
981 751 1016 812 in
1026 749 1150 834 Syriam
1165 765 1196 811 et

97 847 259 930 AEgyptum
278 845 402 925 missus,
426 851 466 914 ad
486 873 577 934 quarn
596 850 878 935 peregrinationem
894 864 1015 935 spectat
1032 849 1133 929 elegia
1149 850 1197 910 Ti·

97 946 186 1024 bulli,
201 969 266 1030 quae
277 949 351 1013 libri
366 949 461 1034 primi
474 953 568 1014 tertia
579 968 638 1026 est,
652 955 726 1034 quid
737 953 781 1014 ibi
796 955 918 1027 lecerit,
930 954 989 1016 Dio
999 955 1053 1028 Ll,
1068 955 1098 1027 7,
1110 971 1197 1014 enar·

99 1043 193 1107 ravit.
216 1047 369 1128 lnjuriam
383 1061 487 1112 autem
501 1047 667 1128 burignius
683 1047 771 1121 lacit,
790 1048 843 1130 qui
861 1048 1086 1128 gladiatoribus
1103 1054 1197 1112 Anto·

99 1147 298 1230 nianislidem
304 1171 370 1212 non
376 1163 545 1226 servatam,
554 1153 608 1212 sed
617 1150 819 1234 interemptos
831 1146 987 1213 aMessala
996 1172 1101 1213 omnes
1110 1153 1197 1212 dicit.

99 1252 141 1311 At
155 1251 216 1310 hoe
230 1270 295 1311 non
310 1262 358 1312 est
371 1251 450 1332 apud
466 1251 608 1313 Dionem.
632 1252 753 1314 Deinde
767 1252 1001 1314 Narbonensem
1014 1251 1149 1315 Galliam
1168 1263 1200 1312 et

2 1426 3 1430 Ἰ
99 1342 303 1424 Aquitaniam
315 1343 509 1427 provinciam
522 1344 642 1418 habuit,
656 1361 688 1411 et
701 1369 739 1411 ex
751 1347 975 1410 rebellantibus
982 1348 1084 1413 Gallis
1094 1347 1200 1410 trium·

99 1443 211 1526 phavit
222 1447 331 1509 smo.
347 1446 425 1510 Vide
435 1447 570 1530 Appian.
584 1449 621 1510 B.
633 1448 703 1512 civ.
717 1447 772 1520 lV,
786 1449 837 1510 10.
855 1450 923 1510 Huc
933 1445 1076 1531 spectant
1084 1445 1201 1512 Tibulli

101 1543 209 1622 clegiae
223 1546 250 1619 l,
263 1545 298 1618 73
316 1545 357 1620 ll,
372 1544 402 1605 1.
427 1547 473 1607 Ex
485 1547 589 1628 praeda
599 1542 724 1611 Gallica
737 1548 821 1610 viam
836 1547 874 1609 ab
891 1549 966 1608 urbe
980 1567 1036 1629 per
1046 1546 1202 1610 Albanum

102 1645 368 1726 Tusculanumque
382 1667 490 1726 agrurn
500 1650 637 1721 duxisse,
657 1668 751 1728 quarn
770 1649 899 1711 fortasse
908 1649 1063 1712 Valeriam
1077 1645 1205 1711 vocarit

102 1744 139 1804 P.
148 1741 272 1820 Victor,
285 1765 325 1806 ex
339 1747 447 1808 eodem
455 1745 578 1812 Tibullo
589 1745 744 1811 discimus.
761 1748 823 1810 Sed
834 1733 1025 1829 triumpbum
1037 1749 1074 1807 de
1083 1745 1205 1808 Parthi·-

103 1846 150 1906 nis
164 1857 357 1927 reportasse,
382 1860 417 1907 ut
437 1849 505 1910 uult
523 1845 755 1914 Wernsdorfius
779 1849 818 1909 ad
840 1849 928 1910 Post.
952 1849 1021 1910 Lat.
1044 1846 1119 1908 min.
1140 1848 1206 1923 lll,

104 1966 134 2027 p.
149 1939 221 2017 118,
240 1943 352 2023 quibus
365 1947 557 2024 argumentis
570 1945 651 2010 effici
665 1946 771 2028 possit,
788 1965 850 2008 non
865 1965 940 2006 sane
952 1940 1053 2006 video.
1071 1945 1149 2006 Nam
1161 1941 1206 2004 ibi

105 2063 144 2105 ne
158 2039 306 2106 militavit
320 2044 454 2124 quidem,
472 2057 504 2106 et
517 2059 588 2108 nota
605 2057 652 2108 est
666 2065 704 2107 ea
716 2045 783 2106 lans
797 2043 899 2128 Asinii
913 2043 1072 2105 Pollionis.
1089 2043 1142 2110 Sic
1156 2063 1206 2106 re·

105 2141 164 2205 bus
180 2141 256 2204 loris
277 2139 401 2221 egregie
421 2142 530 2222 gestis,
555 2143 685 2206 Messala
706 2140 827 2225 quietus
847 2155 879 2204 et
899 2142 932 2203 in
952 2139 1077 2224 optimis
1095 2139 1206 2204 studiis

105 2252 245 2303 versatus
266 2239 351 2301 domi
372 2240 556 2316 consenuit3
583 2241 721 2320 Augusto
741 2241 768 2304 si
789 2233 852 2304 non
871 2239 1062 2321 gratissimus
1082 2242 1205 2324 (quippe

103 2339 196 2403 liberi
210 2339 338 2422 spiritus
351 2339 516 2426 retinens),
542 2355 575 2402 at
592 2340 859 2402 honoratissimus.
885 2343 995 2404 Lectus
1014 2343 1097 2404 enirn
1118 2353 1165 2402 est
1187 2361 1205 2404 a

104 2449 232 2512 senatu,
255 2437 308 2519 qui
322 2439 492 2516 Augustum
510 2449 632 2519 patrem
653 2437 763 2518 patriae
784 2438 994 2503 consalutaret
1008 2437 1106 2522 (Suet.
1124 2436 1203 2517 nug.

106 2555 136 2596 c.
152 2533 214 2616 58).
239 2535 371 2616 Quando
385 2533 418 2594 id
430 2533 545 2598 lactum
559 2532 615 2606 sit,
638 2551 703 2595 non
718 2545 840 2596 constat
854 2535 938 2596 iuter
948 2537 1067 2595 doctos.
1092 2535 1206 2596 Casan-

8 2705 11 2714 ,
105 2630 346 2711 bonusquidem
361 2629 479 2712 lapides
493 2629 633 2712 protulit,
645 2628 754 2708 quibus
768 2629 948 2692 undecimus
957 2629 1085 2690 Caesaris
1099 2647 1208 2690 consu-

106 2728 200 2804 latus,
220 2736 303 2791 auno
315 2728 376 2791 730
391 2740 505 2809 gestus,
523 2727 716 2806 designatur.
741 2726 850 2788 Athis
868 2726 932 2808 ipse
949 2745 1059 2808 parum
1077 2725 1206 2802 tribuit,

108 2848 178 2890 cum
192 2825 262 2887 aliis
277 2826 433 2890 consulem
444 2825 607 2888 Messalam
623 2845 652 2886 a.
668 2825 727 2887 757
741 2824 794 2887 illo
808 2842 938 2886 munere
952 2823 1092 2886 functum
1105 2823 1209 2884 existi·

108 2947 208 2991 mans.
218 2928 279 2990 Sed
287 2929 370 2990 hunc
379 2925 540 2988 Messalam
551 2945 615 2988 non
626 2945 691 2988 esse
702 2925 885 2996 Corvinum,
895 2926 949 2987 sed
959 2923 1090 2988 Corvini
1099 2922 1208 2996 lilium,

105 3025 172 3106 jam
191 3026 265 3088 inde
283 3036 429 3088 constare
449 3023 557 3104 debet,
579 3024 661 3106 quod
679 3021 887 3104 Scaligeranae
907 3025 1045 3088 rationes
1064 3021 1151 3085 illum
1173 3041 1211 3086 eo

109 3139 250 3209 tempore
260 3124 325 3206 jam
339 3124 525 3186 exstinctum
540 3136 685 3204 arguunt.
701 3125 806 3204 Neque
820 3123 912 3186 rideo
928 3143 985 3186 eur
1000 3123 1105 3186 consul
1118 3120 1212 3205 potis·

109 3226 221 3291 simum
245 3221 291 3286 illi
314 3222 441 3310 negotio
465 3221 582 3306 pratici
605 3222 759 3286 debuerit.
785 3223 1006 3302 Dignissimum
1028 3222 1153 3304 quippe,
1180 3235 1213 3284 et
1321 3243 1323 3248 ·

109 3339 235 3388 senatus
248 3325 379 3392 lortasse
394 3324 570 3407 principem
580 3324 655 3404 eligi
669 3323 844 3406 oportebat.
862 3324 915 3385 Sic
929 3319 1140 3386 monumentis
1150 3319 1213 3384 illis

110 3427 202 3490 fidem
216 3425 426 3507 derogandam
441 3445 505 3488 non
520 3425 707 3488 censuerim.
724 3426 772 3486 De
788 3426 912 3486 consule
927 3427 1021 3488 credo
1035 3425 1127 3486 etiarn
1139 3423 1214 3486 Sue·

109 3525 231 3588 tonium
245 3525 418 3587 relaturum
431 3523 534 3586 fuisse.
552 3523 773 3585 Proelectnram
787 3522 885 3590 Urbis
897 3527 1010 3604 paucos
1022 3523 1087 3585 dies
1097 3533 1214 3600 gestam

113 3621 265 3704 deposuit,
283 3621 370 3702 quasi
384 3618 508 3684 nescius
522 3620 700 3690 exercendi,
717 3638 782 3700 quae
794 3633 867 3681 sunt
877 3619 976 3682 Taciti
991 3619 1087 3683 verba
1099 3619 1212 3681 Annal.

113 3720 168 3794 Vl,
183 3717 236 3792 11,
253 3716 325 3779 coll.
336 3719 393 3794 xl,
408 3717 439 3792 6,
453 3731 507 3781 aut
518 3737 629 3800 parum
643 3716 767 3779 ciuilem
781 3737 850 3780 eam
861 3729 1045 3801 potestatem
1057 3713 1213 3796 judicans,
1235 3712 1237 3718 ’

114 3821 196 3900 quod
209 3818 400 3899 antiquiores
413 3834 557 3883 auctores
571 3831 693 3882 secutus
705 3818 854 3882 Eusebius
871 3812 1008 3900 prodidit
1018 3818 1059 3879 ad
1074 3838 1103 3879 a.
1120 3818 1212 3882 1991.
1285 3793 1290 3815 ’

112 3922 179 3983 Hoc
189 3921 295 3984 verius
306 3931 365 3982 est.
380 3920 486 4001 Quare
498 3922 559 3984 Dio
571 3923 775 3984 Maecenatem
786 3921 920 4004 primurn
931 3918 1028 3988 Urbis
1038 3921 1223 4002 praelectum‘
1328 3959 1331 3966 ι

110 4018 227 4100 prodit,
239 4018 377 4094 Messalae
394 4015 448 4079 bio
466 4019 530 4082 illic
550 4016 700 4100 iniquior,
714 4031 749 4081 ut
762 4013 908 4082 omnibus
921 4018 1074 4082 libertatis
1086 4037 1123 4087 eo
1137 4029 1215 4078 tem·

111 4133 191 4198 pore
205 4117 338 4180 nondum
349 4115 440 4181 obliti
452 4117 643 4180 riderentur.
661 4182 665 4186 ,
1050 4131 1051 4134 ’
