2904 4840
619 334 664 403 99

77 468 170 530 visse
202 461 427 548 eloquentiam,
457 467 557 529 nullus
584 468 676 529 hodie
701 467 841 540 dubitat;
865 468 975 550 quippe
999 471 1187 532 exstantibus

2 547 3 640 i
76 567 192 632 adbuc
210 564 392 646 quibusdam
415 563 524 628 saltem
547 585 585 628 ex
607 565 691 629 omni
712 585 827 644 genere
847 563 972 628 dicendi
985 573 1190 631 monumentis

2 647 3 692 ⁷
81 663 298 726 etauctorum
321 663 520 746 locupletium
541 660 737 728 testimoniis.
762 665 825 728 Sed
844 684 907 727 non
928 663 1120 738 dubitarunt,
1137 673 1192 747 qui
1295 667 1299 678 “

82 762 146 824 sub
163 761 337 827 Caesaribus
358 762 397 823 ad
420 761 588 843 Traianum
608 781 702 844 usque
719 762 877 834 vixerunt,
897 763 1046 845 plerique,
1070 759 1098 826 si
1117 767 1191 827 noui

2 853 3 920 l
25 908 31 920 .
80 871 205 931 essent,
227 856 403 922 ornatiores
415 879 494 935 esse,
509 871 544 921 ut
557 860 597 921 ad
611 860 795 924 insolentem
809 857 856 924 sui
865 860 1068 942 jactationem
1084 881 1191 942 perve-

2 950 3 1012 3
83 957 209 1018 nireut.
235 957 300 1024 Cur
317 953 496 1019 decreverit
514 956 706 1040 eloquentia,
731 969 763 1020 et
787 971 940 1038 postremo
955 959 1110 1022 exstincta
1134 957 1191 1032 sit,

2 1079 3 1116 f
85 1057 187 1120 facile
199 1057 286 1120 dictu
297 1069 345 1122 cst
361 1058 395 1120 iu
415 1056 572 1120 libertatis
585 1058 721 1131 alumna,
739 1077 840 1139 neque
853 1055 997 1122 disertius
1010 1057 1074 1122 dici
1083 1061 1190 1143 possit,

2 1161 3 1194 ³
58 1221 61 1226 Δ
86 1174 186 1235 quam
206 1153 545 1236 lecitauctorDialogi
564 1154 798 1218 decretoribus
818 1174 907 1237 capp.
926 1155 978 1233 28,
1007 1157 1061 1234 35,
1077 1159 1129 1233 36,
1151 1159 1191 1219 40

78 1275 161 1336 sqq.
175 1256 316 1318 Namsub
332 1259 468 1334 Augusto
482 1257 601 1338 species
615 1256 724 1318 saltem
732 1252 887 1319 libertatis
896 1257 1084 1338 permansit3
1097 1279 1194 1340 quare

87 1350 252 1414 nonnulle
269 1352 428 1416 literarum
449 1364 554 1434 partes
568 1357 608 1416 ad
621 1373 726 1418 raram
743 1353 967 1435 perlectionem
978 1367 1094 1418 erecte
1107 1369 1190 1431 sunt,

86 1463 124 1515 et
138 1452 275 1530 duravit,
299 1473 363 1534 quae
377 1453 499 1516 radices
513 1455 622 1519 saltem
640 1456 674 1518 in
688 1455 787 1518 libero
797 1455 861 1517 solo
875 1468 993 1532 egerat,
1016 1455 1195 1540 eloquentia

88 1548 253 1624 Pollionis
277 1555 423 1628 Messalae,
440 1555 584 1619 aliorum.
604 1556 775 1620 Tamaniu
795 1553 935 1634 exiguum
955 1556 1063 1619 orbern
1084 1571 1193 1622 coacta

85 1660 159 1725 est,
184 1651 343 1712 sententie
370 1651 508 1712 dicendae
535 1637 663 1716 licentia
687 1651 947 1744 concionibusqne
966 1653 1105 1718 sublatis.
1131 1658 1193 1720 Sed

89 1763 202 1831 quotus
216 1751 342 1831 quisque
356 1761 408 1830 (ut
417 1751 518 1814 Taciti
530 1755 646 1816 Annei.
663 1757 690 1830 l,
705 1755 723 1816 3
738 1767 809 1815 utar
822 1752 948 1838 verbis)
961 1755 1098 1832 Augtrsto
1108 1775 1190 1817 mor·

92 1859 146 1908 tuo
164 1859 340 1930 supererat,
364 1848 417 1928 qui
437 1850 661 1932 rempublicam
679 1849 830 1914 vidisset?
855 1853 898 1912 At
919 1847 1038 1914 soeritia
1062 1851 1191 1924 Tiberii,

92 1964 185 2026 quam
200 1940 280 2007 vidit
293 1946 394 2010 adhuc
412 1946 532 2010 Seneca
555 1947 651 2031 (conl.
665 1947 814 2012 Controv.
830 1949 871 2023 11,
891 1947 941 2022 12,
957 1968 988 2030 p.
1009 1948 1101 2034 174),
1121 1950 1194 2030 quid

66 2042 68 2045 ’
93 2048 198 2127 magni
211 2045 514 2131 illeesumtolcravit?
525 2047 578 2112 ubi
590 2051 746 2112 Mamerco
757 2051 875 2114 Scauro
889 2049 1194 2133 versieulisuspeetae

90 2143 340 2225 significationis,
360 2145 518 2209 Cremutio
540 2148 642 2213 Cordo
663 2145 753 2210 Bruti
767 2161 799 2212 et
813 2147 912 2212 Cassii
921 2148 1037 2225 laudes,
1054 2148 1194 2231 quamvis

94 2257 167 2306 aute
180 2245 341 2326 sexaginta
356 2266 453 2308 annos
472 2260 673 2320 mortuorum,
690 2245 784 2310 exitio
797 2247 933 2310 luerunt.
949 2249 1074 2310 Etcum
1094 2247 1194 2312 libera

93 2342 159 2404 vita
173 2344 296 2406 dicendi
314 2363 434 2426 quoque
451 2356 484 2406 et
498 2344 653 2406 sentiendi
674 2345 896 2424 ingenuitatem
917 2346 1065 2427 paulatim
1080 2343 1194 2407 exstin-

93 2440 158 2522 gui,
175 2458 210 2506 ut
223 2464 297 2524 ager
312 2443 476 2507 deficiente
496 2446 619 2506 cultura
633 2446 759 2520 arescit,
774 2445 842 2525 quis
859 2464 922 2506 nou
937 2442 1109 2524 intelligit?
1122 2448 1194 2510 Jatn

40 2589 45 2597 .
95 2554 264 2604 cumaucta
271 2560 391 2605 morum
401 2541 578 2622 corruptela
593 2559 759 2622 puerorum
770 2561 789 2602 a
799 2541 916 2602 teneris
930 2539 1071 2602 educatio
1085 2543 1195 2602 vitiata

95 2652 153 2713 est,
168 2642 207 2698 et'
218 2657 316 2718 neque
329 2637 407 2701 casti
420 2659 520 2719 neque
537 2658 648 2718 graves
662 2657 729 2700 esse
742 2648 899 2719 poterant,
914 2635 1024 2716 quibus
1039 2633 1074 2696 in
1088 2655 1192 2698 servu·

94 2741 195 2804 lorum
204 2739 394 2822 impudicitia
404 2741 551 2802 enutritis
565 2739 700 2821 quotidie
709 2735 841 2821 pessima
853 2751 925 2799 ante
935 2737 1041 2800 oculos
1054 2738 1195 2818 exempla

96 2836 306 2902 versabantur.
326 2837 404 2902 Cum
425 2857 519 2918 porro
536 2830 776 2899 dicendistudia
803 2835 914 2896 multos
931 2831 1056 2917 quidem
1073 2854 1196 2896 exerce-

97 2953 169 3002 rent
180 2951 212 3000 et
225 2959 289 3022 prta
300 2935 413 3001 ceteris
428 2940 560 3002 illustria
572 2940 776 3012 haberentur,
795 2939 846 3000 sed
864 2939 1002 3018 dignum,
1020 2937 1054 2998 in
1066 2957 1126 3019 quo
1141 2959 1192 3000 cx·

93 3054 269 3131 currerent,
290 3060 431 3123 campum
446 3062 508 3104 non
523 3038 713 3112 invenirent,
731 3042 990 3104 declamationum
1003 3036 1193 3103 insulsitates

98 3155 268 3205 arctorum
289 3143 422 3205 sanitate
443 3143 655 3205 remotissimus
671 3141 943 3212 increbescerent,
970 3150 1096 3204 necesse
1111 3155 1191 3204 erat.

99 3245 143 3306 De
157 3241 267 3324 quibus
276 3241 370 3304 rebus
385 3263 423 3303 ne
436 3237 526 3302 nimii
536 3239 709 3314 videamur,
727 3253 884 3303 auctorem
895 3241 979 3302 Dial.
998 3241 1035 3302 de
1050 3252 1144 3302 oratt.
1161 3261 1189 3302 c.

101 3341 149 3416 35,
165 3351 197 3402 et
211 3340 361 3403 Senecam
377 3337 577 3400 Controvers.
595 3339 622 3412 Ι,
640 3358 671 3420 p.
691 3337 727 3396 61
752 3357 812 3416 sq,
837 3337 879 3397 lV
900 3356 1031 3418 procem.
1051 3357 1083 3419 p.
1106 3335 1190 3408 267,

1 3476 3 3482 π
37 3501 43 3512 ,
99 3453 187 3504 testes
204 3428 400 3511 adducamus,
420 3439 494 3520 quid
510 3437 633 3500 diflerat
657 3437 806 3500 aiorensi
826 3437 962 3499 dictione
984 3434 1187 3512 declamatio,

99 3542 209 3624 optime
222 3553 421 3621 exponentes.
435 3539 619 3602 Conferatur
634 3537 729 3602 etiam
743 3535 850 3602 Porcii
861 3538 1006 3602 Latronis
1019 3538 1192 3618 exemplum

101 3644 174 3725 apud
195 3638 329 3724 Quintil,
351 3639 392 3714 X,
416 3643 446 3713 5,
475 3637 523 3716 18,
543 3642 594 3721 qui
613 3642 731 3722 primus
750 3636 854 3718 magui
876 3638 1013 3700 'nominis
1038 3637 1193 3720 professor

101 3763 164 3804 curu
175 3763 214 3806 ex
231 3741 363 3824 priuatis
379 3737 551 3821 parietibus
566 3741 600 3803 in
620 3740 721 3802 lucem
736 3741 888 3814 forensem
902 3737 1056 3820 prodiret,
1074 3736 1193 3820 judicia

101 3857 132 3904 ut
146 3845 228 3905 intra
248 3837 447 3903 basilicarum
474 3841 572 3924 spatia
595 3841 864 3921 compellerentur,
885 3837 1001 3919 'inepta
1027 3836 1193 3900 formidine

101 3943 209 4006 elicuit·
226 3945 331 4024 Neque
349 3937 547 4005 recitationes
564 3939 603 4002 ab
626 3941 735 4003 Asinio
750 3939 891 4002 Pollione
910 3939 944 4000 in
962 3940 1194 4002 usuminductae

100 4043 185 4126 (conl.
201 4043 220 4124 5
234 4039 304 4126 48),
323 4059 422 4120 neque
443 4037 672 4102 commissiones
690 4039 727 4102 C.
747 4039 876 4103 Caesaris
893 4037 1039 4124 Caligulae
1054 4037 1191 4122 (Sueten.

66 4227 68 4235 Ι
100 4144 163 4206 Cal.
182 4165 209 4205 c.
233 4143 300 4226 53),
320 4164 419 4226 neque
446 4127 688 4225 quinquennales
710 4139 775 4203 ludi
802 4163 820 4204 a
842 4141 1028 4204 Domitiano
1041 4132 1192 4216 instituti,
