2904 4838
613 357 679 428 179

4 477 9 563 't
98 487 174 552 nihil
187 502 344 574 oppertus,
362 491 461 554 otalii
475 491 514 564 da
528 512 561 556 se
575 492 792 574 praedicareut,
814 489 879 571 ipse
898 489 931 550 iu
946 492 1086 555 oratione
1107 492 1186 556 scri·

1 591 7 669 j·
97 603 160 652 tum
181 592 323 672 reliquit,
349 594 447 680 Quaem
471 596 503 650 ia
526 593 708 672 Hispaniam
731 591 838 651 consul
852 590 1107 671 proficisceretur,
1129 610 1190 655 tras

1 718 5 733 ·
97 709 197 750 servas
209 691 341 750 solosex
357 691 431 752 urbe
442 693 589 754 duxisses
603 697 744 777 quomam
759 692 801 750 ad
808 689 967 770 publicam
981 690 1090 750 villam
1101 711 1191 752 arone-

95 803 159 858 rat,
176 809 287 867 param
302 795 403 850 visum
417 795 470 875 qui
484 805 634 864 meretum
649 786 783 872 jussisse
797 791 870 848 duas
881 808 995 868 arueras
1015 795 1048 848 in
1058 789 1138 870 sora
1156 791 1194 850 da

61 917 66 934 ν
95 907 203 948 mansa
214 892 295 986 emi5
307 909 360 950 aas
370 895 500 974 quiaque
512 895 544 949 in
554 890 734 968 Hispaniam
746 889 885 948 duxisse.

129 1027 261 1095 quoniam]
273 1023 343 1076 idem
355 1024 408 1078 fore
418 1023 488 1076 vaiet
499 1023 570 1093 quod
578 1035 725 1096 postquam.
739 1023 846 1074 Exierat
854 1023 919 1074 Cato
929 1041 989 1074 cum
1001 1000 1086 1076 tribuo
1099 1025 1194 1086 servis,
1220 1025 1265 1101 73

1 1157 2 1170 ,
62 1140 64 1146 ·
168 1104 215 1157 sed
227 1124 286 1158 curn
300 1105 333 1158 ad
345 1105 437 1157 viliam
448 1104 590 1176 publicam,
606 1121 665 1173 quac
681 1104 708 1155 in
726 1122 818 1174 compo
833 1103 926 1154 Martio
939 1117 1004 1167 arat,
1017 1101 1192 1176 parauisset,

166 1187 249 1240 subiit
261 1187 377 1240 animum
390 1187 524 1258 cogitatio,
536 1205 590 1238 non
601 1205 678 1258 posse
688 1197 740 1238 tam
749 1205 847 1256 paucos
857 1205 945 1238 servos
955 1188 1076 1264 sufficere
1087 1192 1193 1260 provin-

165 1273 231 1325 ciam
240 1273 449 1327 administranti:
462 1273 534 1326 misit
542 1291 603 1345 crgo
612 1273 641 1325 in
651 1271 741 1324 urbem
751 1272 798 1342 qui
807 1272 873 1326 duos
884 1286 991 1326 emerat.
1001 1273 1129 1330 Pricaeus.

129 1383 179 1452 qui
188 1387 312 1448 utantur]
321 1385 368 1454 qui
378 1381 484 1456 antique
497 1401 545 1454 pro
557 1382 659 1454 quibas,
673 1393 703 1434 ut
713 1399 757 1454 ap.
768 1379 856 1437 Plaut·
869 1381 945 1456 Capt.
957 1381 992 1454 Y,
1005 1382 1030 1447 4,
1041 1385 1068 1446 6,
1078 1391 1193 1458 quicum,

165 1470 382 1540 proquibuscum.
1159 1496 1161 1500 ¹

24 1650 27 1655 Ι
129 1581 165 1631 da
174 1581 273 1644 mama]
285 1599 374 1634 mensa
382 1592 423 1634 est
433 1579 510 1651 lapis,
520 1579 547 1632 in
557 1597 611 1652 quo
621 1576 807 1634 servi-venale„
816 1581 980 1653 promam,
990 1583 1033 1636 „p
1042 1595 1150 1638 mmm.

129 1693 252 1760 aarum]
261 1706 288 1742 r.
298 1686 371 1742 Plnt.
383 1689 438 1742 vit.
449 1689 507 1742 Cat.
516 1705 540 1742 o.
552 1691 593 1742 lo.

136 1811 208 1895 Quo
228 1814 269 1874 sit
291 1831 374 1876 anno
395 1813 463 1875 hac
484 1811 585 1876 oratio
604 1809 723 1890 habita,
747 1813 905 1875 dubitem:
929 1833 967 1875 ex
988 1811 1192 1896 inscriptione

96 1915 219 1995 quidem
239 1933 338 1977 annus
357 1915 531 1978 consulatus
545 1913 684 1992 Catonis,
702 1933 761 1998 quo
780 1915 813 1976 in
828 1911 1008 1998 Hispaniam
1022 1917 1062 1976 ad
1075 1914 1191 1978 bellum

93 2015 250 2096 profectus
272 2026 334 2089 est,
357 2015 558 2094 significatur,
581 2012 613 2076 id
633 2028 681 2077 cst
701 2036 730 2077 a.
745 2015 782 2075 U.
799 2013 872 2090 558,
888 2037 996 2079 varum
1017 2015 1190 2098 fragmenta

95 2116 225 2202 docent,
250 2114 401 2178 Catonem
422 2113 457 2178 in
477 2136 513 2178 ea
533 2113 639 2178 dicore
660 2117 697 2177 de
716 2116 826 2194 exiguo
849 2129 1015 2198 apparatu,
1039 2137 1097 2198 quo
1120 2138 1190 2180 usus

93 2213 198 2288 fuerit,
215 2236 285 2278 cnm
305 2215 339 2278 in
357 2215 539 2298 Hispaniam
555 2214 816 2299 proficisceretur.
839 2217 939 2280 Index
951 2214 1190 2297 ergoorationis

91 2311 186 2374 fuisso
202 2314 350 2376 videtur:
377 2315 484 2372 Oratio
509 2314 547 2372 da
567 2327 719 2392 apparatu
743 2306 808 2384 suo,
834 2332 923 2397 quam
949 2319 982 2373 ia
1006 2315 1188 2394 Hispaniam

92 2415 201 2474 consul
211 2415 466 2494 proficisceretur,
482 2425 535 2474 aut
547 2414 651 2472 Oratio
665 2414 703 2471 de
717 2427 836 2491 sumptu
848 2433 915 2483 suo,
927 2435 1018 2498 quum
1032 2420 1063 2474 ia
1076 2417 1188 2494 Hispa·

93 2517 180 2575 nram
192 2515 299 2574 consul
308 2514 567 2594 proficisceretur.
590 2513 670 2593 Eam
680 2523 783 2576 nutem
797 2529 864 2592 uon¹
879 2525 953 2579 auto
967 2514 1189 2596 proiectionom

93 2614 127 2679 iu
141 2613 323 2696 Hispaniam
334 2612 453 2689 habuit,
468 2615 527 2675 sed
537 2633 680 2676 reversus
693 2633 731 2676 ex
741 2611 904 2698 Hispania,
919 2611 1055 2676 inimicis
1066 2633 1190 2676 causam

93 2711 154 2774 sibi
163 2707 349 2777 dicentibus.
366 2714 439 2776 Haec
449 2709 567 2777 liscum
579 2711 678 2786 altera
688 2711 817 2774 fortasse
828 2707 1088 2789 conjuactacrat,
1099 2731 1191 2792 qnam

94 2824 202 2894 egerat
217 2813 254 2873 de
267 2810 426 2875 consulatu
440 2832 511 2888 suo,
532 2827 568 2874 ut
580 2832 651 2875 mox
665 2807 848 2874 videbimus.
871 2805 1057 2896 [Bolhuisius
1072 2832 1189 2895 quoque

94 2916 252 3000 utriusque
262 2918 437 2998 fragmenta
446 2917 480 2979 iu
491 2938 586 2979 uuum
599 2911 762 3002 conjunxit
773 2934 804 2997 p.
817 2914 856 2978 95
870 2906 954 3000 sqq.]
1008 2904 1012 2911 “

263 3137 315 3200 67.
338 3155 412 3198 curo
427 3158 543 3199 nmnurr
559 3157 710 3200 nrcrnnuu
725 3157 764 3198 nn
779 3115 949 3199 consutum
961 3153 1027 3198 ouo.

134 3341 258 3402 Festus:
273 3319 495 3404 Mediocriculo
510 3359 581 3402 usus
594 3352 641 3404 est
653 3340 688 3404 in
701 3360 739 3404 aa
753 3322 846 3422 quain
859 3341 938 3404 dixit
945 3340 1024 3406 Cato
1036 3340 1072 3419 in
1082 3357 1191 3405 cousu-

91 3435 156 3500 latu
166 3434 388 3498 :Ridibundam
398 3439 622 3519 magistratum,
628 3438 773 3516 pauculos
783 3437 931 3513 hominos,
942 3437 1190 3528 nmdiocriculum

95 3537 266 3595 exercitam
280 3533 401 3597 ohaam
413 3534 495 3594 duci.
1157 3539 1160 3546 '

127 3683 320 3752 magistratum]
334 3677 453 3750 loquitur
464 3680 575 3734 fortasse
592 3679 624 3754 dc
640 3679 817 3750 Hispanorum
829 3680 905 3746 urbe,
919 3679 989 3736 socia
1000 3679 1189 3734 Romanorum.

165 3766 214 3831 [In
230 3763 290 3818 cod.
306 3765 379 3818 Festi
396 3765 556 3838 sequabatur
567 3765 725 3820 vocabulum
735 3785 837 3839 gauere,
853 3765 924 3838 quod
937 3767 1040 3838 ignorat
1051 3765 1151 3822 Paulus
1164 3777 1193 3820 ot

165 3847 325 3903 dolaverunt
336 3846 516 3920 interpretum]

133 3983 243 4046 Festus
253 4004 286 4045 :a
300 3983 395 4046 Recto
405 3983 515 4072 fronte
530 3999 644 4046 ceteros
658 3987 743 4070 sequi
755 3989 783 4046 si
797 3987 887 4062 norit,
903 3983 981 4048 Cato
995 3983 1031 4048 iu
1045 3985 1187 4046 disserta·

92 4085 173 4142 riom
191 4081 376 4142 consulatus:
397 4076 529 4165 autiquae
548 4083 581 4144 id
602 4081 829 4146 consuetudinis
848 4081 905 4144 iuit
918 4109 934 4140 u
945 4096 1020 4157 etc,
1037 4077 1186 4146 nimirum

87 4183 183 4260 frons
192 4181 361 4246 masculino
374 4201 499 4262 genere.
518 4181 586 4246 Alia
594 4183 685 4264 hujus
696 4203 768 4247 usus
781 4203 819 4246 ex
827 4183 948 4248 Catone
958 4181 1189 4263 exempla'Lau·
