2934 4846
703 373 743 442 13

170 507 340 592 majoribus
347 509 531 573 constitutos
545 527 611 572 esse
621 507 775 584 dicerent,
790 525 854 572 non
865 507 952 570 ludos
962 507 1144 585 rhetoricos,
1156 510 1270 594 quippe

169 608 293 674 nemine
304 607 434 692 jubente
448 622 544 684 crtus,
578 610 633 672 scd
649 607 804 675 literatius
818 619 850 670 et
863 607 992 672 fortasse
1005 610 1165 672 Etruscam
1178 611 1269 674 disci-

167 711 287 793 plinam
299 711 531 775 intellexerunt.
543 710 726 775 Censorium
737 711 813 774 illud
823 731 854 774 a.
872 711 930 774 661
943 711 1080 774 edictum
1095 731 1115 772 a
1125 711 1270 776 Suetonio

168 810 217 872 De
239 809 317 871 clar.
344 809 437 872 rhett.
467 811 496 886 l,
521 829 554 892 p.
574 809 616 872 30
630 811 680 872 ed.
698 809 795 874 Wolf.
815 822 848 872 et
871 811 912 870 A.
927 807 1011 874 Gell.
1028 808 1053 870 l.
1075 809 1099 871 l.
1121 808 1268 884 relatum,

170 908 330 987 egregium
349 910 465 972 veteris
485 908 650 988 gravitatis
668 910 885 972 documentum
906 908 1081 987 legentibus
1094 899 1206 972 exstat.
1223 911 1272 970 Ad

170 1009 209 1070 L.
229 1007 372 1083 Plotium,
393 1009 447 1089 qui
472 1008 533 1070 sibi
549 1007 671 1088 primus
695 1005 799 1067 Latini
822 1007 957 1068 rhetoris
978 1026 1091 1070 nomen
1115 1007 1274 1070 indiderat

172 1101 319 1187 (Sueten.
332 1105 357 1166 l.
368 1105 414 1189 l.)
429 1115 461 1166 et
470 1110 560 1183 quem
571 1099 782 1185 Quintilianum
793 1102 836 1174 11,
847 1099 880 1174 t,
891 1100 947 1175 42,
965 1103 1110 1166 extremis
1122 1105 1157 1166 L.
1169 1103 1274 1168 Crassi

169 1206 365 1287 temporibus
378 1202 530 1266 exstitisse
543 1202 631 1276 dicit,
649 1201 833 1264 concursum
850 1202 984 1273 iactum,
1012 1215 1045 1266 et
1058 1203 1241 1268 Ciceronem
1255 1227 1278 1268 a·

169 1319 263 1386 putre
276 1303 479 1388 prohibitum,
502 1302 662 1384 quominus
677 1321 715 1364 eo
730 1301 836 1378 iteret,
853 1321 892 1363 ex
906 1301 1037 1383 epistola
1054 1300 1121 1382 ejus
1138 1305 1177 1366 ad
1197 1305 1273 1367 Titi·

170 1401 258 1462 nium
277 1401 357 1482 epud
367 1399 493 1464 Sueton.
513 1401 537 1462 l.
549 1401 572 1462 l.
596 1399 752 1462 discimus.
771 1399 909 1461 Eundem
923 1398 1038 1462 Coelius
1051 1400 1207 1474 Atratino,
1222 1403 1275 1464 ud·

169 1496 309 1558 versario
323 1515 397 1575 suo,
416 1507 599 1575 argumenta
616 1516 642 1558 s.
666 1494 770 1577 capita
791 1495 923 1558 actionis
940 1497 1157 1580 composuisse,
1179 1498 1273 1559 male-

167 1593 252 1656 ntem
264 1592 423 1656 incessens
436 1577 632 1676 exprobavit.
643 1593 682 1655 v.
699 1592 798 1658 wolf.
812 1594 852 1654 aa
865 1592 897 1653 n.
914 1593 936 1653 ι.
953 1592 1132 1658 erctum.
1151 1612 1183 1675 p.
1197 1593 1272 1666 mo,

167 1692 244 1752 311.
257 1691 437 1756 Diutissime
446 1692 543 1772 igitur
552 1691 641 1756 vixit.
653 1693 701 1754 De
710 1693 770 1754 hoc
781 1702 877 1776 agunt
887 1691 1098 1772 Quintilianus
1107 1692 1129 1754 l.
1142 1691 1165 1754 l.
1176 1705 1208 1755 et
1216 1693 1272 1765 Xl,

171 1790 204 1866 3,
223 1791 295 1868 143,
312 1793 431 1858 Seneca
440 1794 643 1858 Controvers.
659 1794 688 1856 ll
703 1811 841 1874 prooem.
856 1817 865 1869 3
879 1791 1020 1855 meminit
1030 1794 1133 1856 Varro
1147 1811 1198 1874 ap.
1213 1796 1273 1856 No·

171 1890 256 1954 nium
270 1913 301 1954 v.
321 1893 514 1955 Bubulcitare
524 1933 534 1968 ,
556 1915 588 1977 p.
603 1895 656 1967 19,
678 1893 731 1956 29.
753 1894 798 1959 Ex
813 1891 1008 1976 Quintiliano
1025 1891 1180 1965 discimus,
1198 1893 1274 1954 scri·

167 1990 310 2072 prissede
321 2004 410 2068 gestu
420 1989 564 2055 Plotium.
582 1992 668 2054 idem
680 2003 727 2053 est
737 1992 820 2053 haud
831 1992 935 2066 dubie,
949 1991 1002 2072 qui
1016 1990 1200 2054 a‘Cicerone
1211 1992 1275 2054 Pro

170 2088 266 2149 Aroh.
281 2109 311 2151 o.
326 2091 357 2161 9,
370 2088 462 2150 Marii
476 2089 592 2152 dicitur
602 2088 781 2162 familiaris,
793 2102 826 2150 ct
836 2107 926 2170 quem
935 2101 1058 2171 poetam
1072 2087 1190 2150 iaciunt
1199 2089 1277 2152 Ges·

169 2204 262 2248 uerus
275 2186 308 2248 in
322 2186 553 2254 Chrestomath.
565 2189 772 2254 Ciceroniana
795 2207 865 2251 curn
887 2189 1020 2252 Ernesto
1040 2187 1074 2249 in
1086 2185 1193 2264 Clare,
1210 2208 1274 2251 non

170 2283 347 2362 corrigente
356 2287 530 2350 Schuetzio.
547 2288 756 2352 Mariusenim
771 2307 822 2350 res
841 2307 860 2350 a
878 2307 943 2350 sese
957 2297 1059 2366 gestus
1072 2285 1112 2348 ah
1122 2286 1275 2368 illcpcsse

170 2380 324 2446 celebrari
338 2383 454 2446 dicitur
474 2383 676 2448 existimasse.
694 2387 734 2448 Et
746 2385 875 2448 fortasse
889 2395 1053 2464 utrumque
1069 2403 1146 2464 opus
1157 2383 1271 2462 attigit.

168 2478 230 2540 Sed
244 2481 408 2544 manifesto
429 2480 548 2544 erravit
562 2481 689 2560 Pighius
702 2483 741 2544 ad
755 2501 786 2546 a.
803 2483 877 2554 691,
895 2481 1028 2554 vohlll,
1044 2499 1076 2560 p.
1093 2478 1166 2555 328,
1186 2481 1270 2554 dum,

168 2597 236 2657 quae
250 2582 289 2642 ad
300 2581 449 2646 Archiam
465 2581 656 2656 referuntur,
672 2582 772 2645 invito
787 2600 930 2644 sermone
952 2578 1074 2655 Latino,
1091 2579 1191 2642 Plotio
1206 2581 1272 2642 vin·

168 2679 276 2743 dicare
291 2683 416 2743 studet:
431 2683 547 2746 bellum
562 2683 709 2746 nimirum
720 2679 841 2746 Luculli
852 2680 1096 2744 Mithridaticum
1109 2680 1270 2762 scriptum.
1359 2715 1362 2721 ·

169 2778 199 2838 ls
213 2791 336 2851 autem,
354 2779 451 2860 etqui
468 2780 568 2856 secuti
584 2792 657 2844 sunt
668 2782 710 2840 M.
727 2779 881 2844 Antonius
894 2777 1032 2860 Gnipho,
1048 2780 1085 2842 L.
1101 2777 1271 2852 Otacilius,

169 2877 238 2942 Sex.
254 2878 399 2958 Clodius,
416 2880 493 2958 alii,
517 2881 658 2944 libertini
671 2881 794 2961 generis
807 2892 911 2955 erant,
927 2899 1026 2960 neque
1045 2899 1095 2942 ars
1115 2879 1272 2943 rhetorica

170 2978 231 3040 nisi
243 2980 324 3063 apud
345 2983 470 3046 Graecos
487 2981 611 3046 liberali
624 2983 708 3044 cultu
724 2981 882 3046 hominum
902 2999 1012 3044 munus
1028 2994 1108 3044 erat.
1124 2982 1204 3042 Nam
1218 2981 1273 3044 Se·

169 3099 249 3158 neca
263 3081 286 3142 l.
307 3100 336 3142 e.
353 3082 525 3159 Blandum,
546 3084 629 3145 hand
651 3082 744 3144 dubie
765 3082 895 3161 Augusti
907 3091 1018 3152 aetate,
1036 3080 1170 3161 primum
1188 3079 1272 3159 equi·

171 3191 234 3242 tem
256 3181 428 3246 Romanum
448 3182 612 3264 eloquendi
636 3195 704 3246 arte
723 3183 864 3245 docenda
882 3179 1066 3243 inclaruisse
1084 3191 1194 3242 auctor
1212 3191 1270 3242 est.

171 3276 298 3340 Factum
317 3279 413 3356 inde,
429 3293 479 3351 ut,
496 3281 577 3359 quod
595 3277 801 3342 honorificum
815 3289 885 3342 erat
898 3277 1028 3350 discere,
1051 3291 1130 3340 esset
1144 3277 1274 3356 ignomi·
1408 3343 1413 3352 ,

171 3375 292 3438 niosum
306 3377 435 3442 docere.
446 3378 522 3441 Etsi
531 3395 634 3440 mores
645 3379 757 3442 horum
770 3379 940 3451 hominurn,
955 3378 1086 3459 quidum
1095 3376 1274 3440 serviebant

169 3475 303 3540 dominis
316 3479 356 3539 ad
367 3497 458 3542 omne
472 3499 569 3560 genus
588 3477 698 3558 flagitii
713 3492 745 3542 et
761 3479 898 3542 lihidinis
910 3479 1012 3543 coacti
1031 3475 1271 3553 adhibebantur,

170 3576 355 3656 respexeris,
381 3595 445 3641 non
463 3577 624 3640 minimam
638 3578 672 3640 in
687 3577 746 3642 hec
767 3599 803 3640 re
819 3595 943 3640 causam
956 3575 1124 3658 repereris,
1141 3593 1199 3636 cur
1211 3576 1273 3638 uiri

169 3670 272 3752 prisca
289 3674 455 3736 sanctitate
470 3695 563 3740 cerea
577 3675 807 3738 adolescentum
827 3675 953 3755 ingenie
969 3673 1008 3736 ab
1033 3674 1095 3736 illis
1115 3672 1274 3756 impuden·
1363 3734 1366 3740 .

169 3767 220 3828 tire
243 3769 401 3848 magistris
422 3770 594 3836 cohibenda
614 3771 804 3835 censuerint.
828 3772 895 3836 lloc
913 3782 999 3834 reete
1026 3769 1092 3852 jam
1121 3769 1272 3834 Cellarius

168 3867 347 3930 ostenderat
366 3867 582 3934 dissertatione
606 3871 654 3934 De
674 3869 782 3932 studiis
800 3870 892 3932 Rom.
916 3868 1065 3932 litorariis
1083 3869 1118 3931 in
1140 3868 1219 3931 urbe
1240 3881 1271 3928 et

167 3963 347 4043 provinciis,
355 3963 469 4028 frustra
478 3967 636 4032 renitente
643 3967 832 4032 FunccioDe
840 3967 1133 4033 odolescentiaL.L.
1147 3987 1180 4048 p.
1194 3965 1267 4026 111.

169 4063 215 4124 De
234 4065 410 4130 rhetoribus
430 4067 525 4130 rusius
540 4057 638 4148 agere'
646 4089 716 4132 eum
725 4068 815 4150 hujus
826 4069 1053 4151 propositinon
1062 4068 1114 4141 sit,
1132 4063 1271 4127 remitta-

171 4176 238 4220 mus
245 4159 392 4226 lectorem
408 4166 447 4226 ad
460 4166 598 4248 interpp.
615 4165 681 4228 Cic.
705 4165 841 4246 Philipp.
854 4167 897 4241 11,
914 4167 965 4240 11,
983 4178 1014 4226 et
1024 4160 1272 4226 CresolliiThea·

169 4259 353 4339 inrueret,
375 4263 475 4346 isqq.
497 4257 554 4349 [V.
572 4255 740 4328 Westerm.
758 4284 788 4343 p,
814 4264 852 4324 53
872 4259 959 4348 scip]
