<?xml version="1.0" encoding="UTF-8"?>
<!DOCTYPE html PUBLIC "-//W3C//DTD XHTML 1.0 Transitional//EN"
    "http://www.w3.org/TR/xhtml1/DTD/xhtml1-transitional.dtd">
<html xmlns="http://www.w3.org/1999/xhtml" xml:lang="en" lang="en">
 <head>
  <title>
</title>
<meta http-equiv="Content-Type" content="text/html;charset=utf-8" />
  <meta name='ocr-system' content='tesseract 3.04.00' />
  <meta name='ocr-capabilities' content='ocr_page ocr_carea ocr_par ocr_line ocrx_word'/>
</head>
<body>
  <div class='ocr_page' id='page_1' title='image "./oratorumromanor00meyegoog_0395.png"; bbox 0 0 2954 4840; ppageno 0'>
   <div class='ocr_carea' id='block_1_1' title="bbox 111 462 1301 877">
    <p class='ocr_par' dir='ltr' id='par_1_1' title="bbox 111 462 1301 877">
     <span class='ocr_line' id='line_1_1' title="bbox 153 462 1209 550; baseline -0.004 -16"><span class='ocrx_word' id='word_1_1' title='bbox 153 465 201 534; x_wconf 81' lang='lat' dir='ltr'><strong>ld.</strong></span> <span class='ocrx_word' id='word_1_2' title='bbox 218 471 245 546; x_wconf 87' lang='lat' dir='ltr'><strong>i,</strong></span> <span class='ocrx_word' id='word_1_3' title='bbox 267 472 307 536; x_wconf 77' lang='lat'><strong>52</strong></span> <span class='ocrx_word' id='word_1_4' title='bbox 324 470 463 534; x_wconf 78' lang='lat' dir='ltr'><strong>Aderam</strong></span> <span class='ocrx_word' id='word_1_5' title='bbox 476 469 652 541; x_wconf 66' lang='lat' dir='ltr'><strong>Ameriae,</strong></span> <span class='ocrx_word' id='word_1_6' title='bbox 672 468 809 545; x_wconf 81' lang='lat' dir='ltr'><strong>Timonis</strong></span> <span class='ocrx_word' id='word_1_7' title='bbox 828 472 928 546; x_wconf 79' lang='lat' dir='ltr'><strong>uxori,</strong></span> <span class='ocrx_word' id='word_1_8' title='bbox 948 480 1057 550; x_wconf 73' lang='lat' dir='ltr'><strong>rogatu</strong></span> <span class='ocrx_word' id='word_1_9' title='bbox 1078 462 1209 535; x_wconf 79' lang='lat' dir='ltr'><strong>iirnlem</strong></span> 
     </span>
     <span class='ocr_line' id='line_1_2' title="bbox 111 571 242 636; baseline -0.031 0"><span class='ocrx_word' id='word_1_10' title='bbox 111 571 242 636; x_wconf 72' lang='lat' dir='ltr'><strong>liuttici.</strong></span> 
     </span>
     <span class='ocr_line' id='line_1_3' title="bbox 143 687 1301 792; baseline 0.001 -19"><span class='ocrx_word' id='word_1_11' title='bbox 143 721 267 788; x_wconf 81' lang='lat' dir='ltr'><strong>aderant]</strong></span> <span class='ocrx_word' id='word_1_12' title='bbox 285 741 310 774; x_wconf 88' lang='lat' dir='ltr'><strong>a.</strong></span> <span class='ocrx_word' id='word_1_13' title='bbox 323 725 357 775; x_wconf 91' lang='lat' dir='ltr'><strong>U.</strong></span> <span class='ocrx_word' id='word_1_14' title='bbox 379 721 431 775; x_wconf 79' lang='lat' dir='ltr'><strong>tlt</strong></span> <span class='ocrx_word' id='word_1_15' title='bbox 453 721 495 774; x_wconf 88' lang='lat' dir='ltr'><strong>vel</strong></span> <span class='ocrx_word' id='word_1_16' title='bbox 508 734 578 775; x_wconf 90' lang='lat' dir='ltr'><strong>certe</strong></span> <span class='ocrx_word' id='word_1_17' title='bbox 589 734 651 775; x_wconf 89' lang='lat' dir='ltr'><strong>ante</strong></span> <span class='ocrx_word' id='word_1_18' title='bbox 671 736 761 774; x_wconf 85' lang='lat' dir='ltr'><strong>necem</strong></span> <span class='ocrx_word' id='word_1_19' title='bbox 780 721 894 776; x_wconf 73' lang='lat' dir='ltr'><strong>Aruleni</strong></span> <span class='ocrx_word' id='word_1_20' title='bbox 907 723 1023 782; x_wconf 81' lang='lat' dir='ltr'><strong>Rustici,</strong></span> <span class='ocrx_word' id='word_1_21' title='bbox 1041 739 1101 792; x_wconf 71' lang='lat' dir='ltr'><strong>quet</strong></span> <span class='ocrx_word' id='word_1_22' title='bbox 1120 736 1143 772; x_wconf 88' lang='lat' dir='ltr'><strong>a.</strong></span> <span class='ocrx_word' id='word_1_23' title='bbox 1158 722 1209 774; x_wconf 80' lang='lat' dir='ltr'><strong>tte</strong></span> <span class='ocrx_word' id='word_1_24' title='bbox 1237 687 1301 760; x_wconf 69' lang='lat'><strong>25¹</strong></span> 
     </span>
     <span class='ocr_line' id='line_1_4' title="bbox 180 805 585 877; baseline 0 -19"><span class='ocrx_word' id='word_1_25' title='bbox 180 805 341 877; x_wconf 73' lang='lat' dir='ltr'><strong>petreusem,</strong></span> <span class='ocrx_word' id='word_1_26' title='bbox 356 807 440 858; x_wconf 75' lang='lat' dir='ltr'><strong>motio</strong></span> <span class='ocrx_word' id='word_1_27' title='bbox 450 807 522 860; x_wconf 79' lang='lat' dir='ltr'><strong>diem</strong></span> <span class='ocrx_word' id='word_1_28' title='bbox 534 814 585 859; x_wconf 79' lang='lat' dir='ltr'><strong>eet.</strong></span> 
     </span>
    </p>
   </div>
   <div class='ocr_carea' id='block_1_2' title="bbox 1 930 1244 2994">
    <p class='ocr_par' dir='ltr' id='par_1_2' title="bbox 109 930 1214 1210">
     <span class='ocr_line' id='line_1_5' title="bbox 151 930 1209 1014; baseline 0.002 -22"><span class='ocrx_word' id='word_1_29' title='bbox 151 933 198 994; x_wconf 85' lang='lat' dir='ltr'><strong>td.</strong></span> <span class='ocrx_word' id='word_1_30' title='bbox 216 933 242 1006; x_wconf 90' lang='lat'><strong>1,</strong></span> <span class='ocrx_word' id='word_1_31' title='bbox 256 933 296 996; x_wconf 89' lang='lat'><strong>8:</strong></span> <span class='ocrx_word' id='word_1_32' title='bbox 313 932 472 998; x_wconf 81' lang='lat' dir='ltr'><strong>Petiturus</strong></span> <span class='ocrx_word' id='word_1_33' title='bbox 486 951 562 1007; x_wconf 87' lang='lat' dir='ltr'><strong>sum,</strong></span> <span class='ocrx_word' id='word_1_34' title='bbox 580 941 615 992; x_wconf 90' lang='lat' dir='ltr'><strong>nt</strong></span> <span class='ocrx_word' id='word_1_35' title='bbox 632 944 736 993; x_wconf 85' lang='lat' dir='ltr'><strong>rursus</strong></span> <span class='ocrx_word' id='word_1_36' title='bbox 750 949 843 994; x_wconf 85' lang='lat' dir='ltr'><strong>vaces</strong></span> <span class='ocrx_word' id='word_1_37' title='bbox 857 930 1004 1008; x_wconf 85' lang='lat' dir='ltr'><strong>sermoni,</strong></span> <span class='ocrx_word' id='word_1_38' title='bbox 1019 949 1110 1012; x_wconf 86' lang='lat' dir='ltr'><strong>quem</strong></span> <span class='ocrx_word' id='word_1_39' title='bbox 1128 931 1209 1014; x_wconf 87' lang='lat' dir='ltr'><strong>apud</strong></span> 
     </span>
     <span class='ocr_line' id='line_1_6' title="bbox 112 1025 1214 1110; baseline 0 -20"><span class='ocrx_word' id='word_1_40' title='bbox 112 1029 286 1110; x_wconf 82' lang='lat' dir='ltr'><strong>municipes</strong></span> <span class='ocrx_word' id='word_1_41' title='bbox 300 1049 383 1092; x_wconf 88' lang='lat' dir='ltr'><strong>meos</strong></span> <span class='ocrx_word' id='word_1_42' title='bbox 393 1027 498 1104; x_wconf 82' lang='lat' dir='ltr'><strong>habui,</strong></span> <span class='ocrx_word' id='word_1_43' title='bbox 514 1025 739 1092; x_wconf 82' lang='lat' dir='ltr'>bibliothecam</span> <span class='ocrx_word' id='word_1_44' title='bbox 751 1027 986 1092; x_wconf 77' lang='lat' dir='ltr'><strong>dedicaturus...</strong></span> <span class='ocrx_word' id='word_1_45' title='bbox 1001 1029 1069 1090; x_wconf 88' lang='lat' dir='ltr'><strong>Erit</strong></span> <span class='ocrx_word' id='word_1_46' title='bbox 1083 1029 1166 1091; x_wconf 87' lang='lat' dir='ltr'><strong>enim</strong></span> <span class='ocrx_word' id='word_1_47' title='bbox 1182 1043 1214 1093; x_wconf 88' lang='lat' dir='ltr'><strong>et</strong></span> 
     </span>
     <span class='ocr_line' id='line_1_7' title="bbox 109 1119 1170 1210; baseline -0.003 -20"><span class='ocrx_word' id='word_1_48' title='bbox 109 1141 182 1210; x_wconf 88' lang='lat' dir='ltr'><strong>post</strong></span> <span class='ocrx_word' id='word_1_49' title='bbox 193 1124 442 1190; x_wconf 78' lang='lat' dir='ltr'><strong>emendationem</strong></span> <span class='ocrx_word' id='word_1_50' title='bbox 452 1127 585 1208; x_wconf 81' lang='lat' dir='ltr'><strong>iibemm</strong></span> <span class='ocrx_word' id='word_1_51' title='bbox 597 1119 687 1188; x_wconf 86' lang='lat' dir='ltr'><strong>nobis</strong></span> <span class='ocrx_word' id='word_1_52' title='bbox 703 1127 753 1189; x_wconf 77' lang='lat' dir='ltr'><strong>vel</strong></span> <span class='ocrx_word' id='word_1_53' title='bbox 764 1123 926 1210; x_wconf 76' lang='lat' dir='ltr'><strong>publicare</strong></span> <span class='ocrx_word' id='word_1_54' title='bbox 936 1123 986 1188; x_wconf 84' lang='lat' dir='ltr'><strong>vel</strong></span> <span class='ocrx_word' id='word_1_55' title='bbox 996 1125 1170 1190; x_wconf 86' lang='lat' dir='ltr'><strong>continere.</strong></span> 
     </span>
    </p>

    <p class='ocr_par' dir='ltr' id='par_1_3' title="bbox 108 1222 1244 1900">
     <span class='ocr_line' id='line_1_8' title="bbox 155 1222 1208 1306; baseline -0.001 -19"><span class='ocrx_word' id='word_1_56' title='bbox 155 1227 203 1287; x_wconf 85' lang='lat' dir='ltr'><strong>id.</strong></span> <span class='ocrx_word' id='word_1_57' title='bbox 220 1225 261 1302; x_wconf 87' lang='lat' dir='ltr'><strong>ll,</strong></span> <span class='ocrx_word' id='word_1_58' title='bbox 279 1227 323 1288; x_wconf 65' lang='lat' dir='ltr'><strong>dc</strong></span> <span class='ocrx_word' id='word_1_59' title='bbox 341 1226 505 1288; x_wconf 74' lang='lat' dir='ltr'><strong>Actionem</strong></span> <span class='ocrx_word' id='word_1_60' title='bbox 525 1237 557 1286; x_wconf 89' lang='lat' dir='ltr'><strong>et</strong></span> <span class='ocrx_word' id='word_1_61' title='bbox 577 1245 596 1286; x_wconf 85' lang='lat' dir='ltr'><strong>e</strong></span> <span class='ocrx_word' id='word_1_62' title='bbox 619 1239 650 1286; x_wconf 86' lang='lat' dir='ltr'><strong>te</strong></span> <span class='ocrx_word' id='word_1_63' title='bbox 671 1225 852 1306; x_wconf 79' lang='lat' dir='ltr'><strong>frequenter</strong></span> <span class='ocrx_word' id='word_1_64' title='bbox 865 1222 1064 1302; x_wconf 72' lang='lat' dir='ltr'><strong>efflagitatum</strong></span> <span class='ocrx_word' id='word_1_65' title='bbox 1077 1239 1109 1286; x_wconf 88' lang='lat' dir='ltr'><strong>et</strong></span> <span class='ocrx_word' id='word_1_66' title='bbox 1124 1245 1142 1286; x_wconf 88' lang='lat' dir='ltr'><strong>a</strong></span> <span class='ocrx_word' id='word_1_67' title='bbox 1157 1247 1208 1288; x_wconf 82' lang='lat' dir='ltr'><strong>me</strong></span> 
     </span>
     <span class='ocr_line' id='line_1_9' title="bbox 108 1320 1213 1407; baseline -0.001 -21"><span class='ocrx_word' id='word_1_68' title='bbox 108 1344 189 1406; x_wconf 75' lang='lat' dir='ltr'><strong>saepe</strong></span> <span class='ocrx_word' id='word_1_69' title='bbox 212 1321 394 1407; x_wconf 86' lang='lat' dir='ltr'><strong>promissam</strong></span> <span class='ocrx_word' id='word_1_70' title='bbox 419 1320 545 1385; x_wconf 85' lang='lat' dir='ltr'><strong>exhibui</strong></span> <span class='ocrx_word' id='word_1_71' title='bbox 561 1321 629 1397; x_wconf 88' lang='lat' dir='ltr'><strong>tibi,</strong></span> <span class='ocrx_word' id='word_1_72' title='bbox 654 1344 717 1385; x_wconf 90' lang='lat' dir='ltr'><strong>non</strong></span> <span class='ocrx_word' id='word_1_73' title='bbox 739 1333 843 1384; x_wconf 85' lang='lat' dir='ltr'><strong>temen</strong></span> <span class='ocrx_word' id='word_1_74' title='bbox 868 1335 966 1386; x_wconf 86' lang='lat' dir='ltr'><strong>tetam</strong></span> <span class='ocrx_word' id='word_1_75' title='bbox 982 1343 991 1382; x_wconf 80' lang='lat' dir='ltr'><strong>t</strong></span> <span class='ocrx_word' id='word_1_76' title='bbox 1007 1321 1108 1385; x_wconf 81' lang='lat' dir='ltr'><strong>aditus</strong></span> <span class='ocrx_word' id='word_1_77' title='bbox 1128 1324 1213 1386; x_wconf 84' lang='lat' dir='ltr'><strong>enirn</strong></span> 
     </span>
     <span class='ocr_line' id='line_1_10' title="bbox 109 1420 1214 1507; baseline -0.002 -20"><span class='ocrx_word' id='word_1_78' title='bbox 109 1445 185 1507; x_wconf 87' lang='lat' dir='ltr'><strong>pars</strong></span> <span class='ocrx_word' id='word_1_79' title='bbox 198 1424 264 1507; x_wconf 87' lang='lat' dir='ltr'><strong>ejus</strong></span> <span class='ocrx_word' id='word_1_80' title='bbox 283 1423 465 1506; x_wconf 86' lang='lat' dir='ltr'><strong>perpolitur.</strong></span> <span class='ocrx_word' id='word_1_81' title='bbox 483 1422 568 1486; x_wconf 88' lang='lat' dir='ltr'><strong>Nihil</strong></span> <span class='ocrx_word' id='word_1_82' title='bbox 588 1423 672 1484; x_wconf 90' lang='lat' dir='ltr'><strong>enim</strong></span> <span class='ocrx_word' id='word_1_83' title='bbox 689 1424 789 1485; x_wconf 88' lang='lat' dir='ltr'><strong>adbuc</strong></span> <span class='ocrx_word' id='word_1_84' title='bbox 803 1420 887 1489; x_wconf 86' lang='lat' dir='ltr'><strong>inter</strong></span> <span class='ocrx_word' id='word_1_85' title='bbox 905 1442 1015 1486; x_wconf 81' lang='lat' dir='ltr'><strong>manue</strong></span> <span class='ocrx_word' id='word_1_86' title='bbox 1036 1423 1141 1499; x_wconf 87' lang='lat' dir='ltr'><strong>habui,</strong></span> <span class='ocrx_word' id='word_1_87' title='bbox 1164 1427 1214 1487; x_wconf 88' lang='lat' dir='ltr'><strong>cui</strong></span> 
     </span>
     <span class='ocr_line' id='line_1_11' title="bbox 111 1512 1215 1609; baseline 0 -25"><span class='ocrx_word' id='word_1_88' title='bbox 111 1521 262 1604; x_wconf 89' lang='lat' dir='ltr'><strong>majorem</strong></span> <span class='ocrx_word' id='word_1_89' title='bbox 273 1512 510 1609; x_wconf 85' lang='lat' dir='ltr'><strong>sollicitudinem</strong></span> <span class='ocrx_word' id='word_1_90' title='bbox 522 1531 672 1604; x_wconf 83' lang='lat' dir='ltr'><strong>praestare</strong></span> <span class='ocrx_word' id='word_1_91' title='bbox 687 1520 846 1583; x_wconf 84' lang='lat' dir='ltr'><strong>deberem.</strong></span> <span class='ocrx_word' id='word_1_92' title='bbox 858 1515 936 1584; x_wconf 88' lang='lat' dir='ltr'><strong>Nam</strong></span> <span class='ocrx_word' id='word_1_93' title='bbox 945 1521 980 1582; x_wconf 91' lang='lat' dir='ltr'><strong>in</strong></span> <span class='ocrx_word' id='word_1_94' title='bbox 993 1520 1108 1584; x_wconf 88' lang='lat' dir='ltr'><strong>ceteris</strong></span> <span class='ocrx_word' id='word_1_95' title='bbox 1121 1523 1215 1584; x_wconf 89' lang='lat' dir='ltr'><strong>actio·</strong></span> 
     </span>
     <span class='ocr_line' id='line_1_12' title="bbox 112 1614 1244 1696; baseline -0.005 -14"><span class='ocrx_word' id='word_1_96' title='bbox 112 1619 206 1682; x_wconf 85' lang='lat' dir='ltr'><strong>nibus</strong></span> <span class='ocrx_word' id='word_1_97' title='bbox 218 1618 438 1682; x_wconf 68' lang='lat' dir='ltr'><strong>existimationi</strong></span> <span class='ocrx_word' id='word_1_98' title='bbox 452 1614 611 1678; x_wconf 67' lang='lat' dir='ltr'><strong>inominnm</strong></span> <span class='ocrx_word' id='word_1_99' title='bbox 630 1616 792 1696; x_wconf 87' lang='lat' dir='ltr'><strong>diligentia</strong></span> <span class='ocrx_word' id='word_1_100' title='bbox 812 1629 932 1681; x_wconf 87' lang='lat' dir='ltr'><strong>tantum</strong></span> <span class='ocrx_word' id='word_1_101' title='bbox 950 1626 981 1677; x_wconf 92' lang='lat' dir='ltr'><strong>et</strong></span> <span class='ocrx_word' id='word_1_102' title='bbox 1001 1615 1075 1680; x_wconf 82' lang='lat' dir='ltr'><strong>fides</strong></span> <span class='ocrx_word' id='word_1_103' title='bbox 1094 1631 1213 1691; x_wconf 78' lang='lat' dir='ltr'><strong>noema,</strong></span> <span class='ocrx_word' id='word_1_104' title='bbox 1237 1664 1244 1676; x_wconf 86' lang='lat'><strong>.</strong></span> 
     </span>
     <span class='ocr_line' id='line_1_13' title="bbox 112 1705 1216 1798; baseline 0.001 -19"><span class='ocrx_word' id='word_1_105' title='bbox 112 1713 148 1780; x_wconf 90' lang='lat' dir='ltr'><strong>in</strong></span> <span class='ocrx_word' id='word_1_106' title='bbox 161 1717 220 1778; x_wconf 83' lang='lat' dir='ltr'><strong>hec</strong></span> <span class='ocrx_word' id='word_1_107' title='bbox 234 1716 328 1777; x_wconf 84' lang='lat' dir='ltr'><strong>etium</strong></span> <span class='ocrx_word' id='word_1_108' title='bbox 341 1715 439 1797; x_wconf 83' lang='lat' dir='ltr'><strong>pietas</strong></span> <span class='ocrx_word' id='word_1_109' title='bbox 448 1705 642 1794; x_wconf 72' lang='lat' dir='ltr'><strong>subjicietur.</strong></span> <span class='ocrx_word' id='word_1_110' title='bbox 656 1714 733 1776; x_wconf 87' lang='lat' dir='ltr'><strong>inde</strong></span> <span class='ocrx_word' id='word_1_111' title='bbox 747 1725 779 1774; x_wconf 87' lang='lat' dir='ltr'><strong>et</strong></span> <span class='ocrx_word' id='word_1_112' title='bbox 795 1711 878 1777; x_wconf 80' lang='lat' dir='ltr'><strong>liber</strong></span> <span class='ocrx_word' id='word_1_113' title='bbox 893 1710 1007 1786; x_wconf 73' lang='lat' dir='ltr'><strong>creuit,</strong></span> <span class='ocrx_word' id='word_1_114' title='bbox 1020 1716 1216 1798; x_wconf 77' lang='lat' dir='ltr'><strong>demorante</strong></span> 
     </span>
     <span class='ocr_line' id='line_1_14' title="bbox 110 1813 1215 1900; baseline 0.002 -22"><span class='ocrx_word' id='word_1_115' title='bbox 110 1817 248 1900; x_wconf 80' lang='lat' dir='ltr'><strong>petrium</strong></span> <span class='ocrx_word' id='word_1_116' title='bbox 266 1829 299 1878; x_wconf 87' lang='lat' dir='ltr'><strong>et</strong></span> <span class='ocrx_word' id='word_1_117' title='bbox 319 1813 508 1900; x_wconf 80' lang='lat' dir='ltr'><strong>amplificare</strong></span> <span class='ocrx_word' id='word_1_118' title='bbox 522 1815 701 1894; x_wconf 80' lang='lat' dir='ltr'><strong>gaudemus,</strong></span> <span class='ocrx_word' id='word_1_119' title='bbox 719 1814 898 1896; x_wconf 72' lang='lat' dir='ltr'><strong>pariterque</strong></span> <span class='ocrx_word' id='word_1_120' title='bbox 917 1829 949 1878; x_wconf 88' lang='lat' dir='ltr'><strong>et</strong></span> <span class='ocrx_word' id='word_1_121' title='bbox 963 1815 1134 1878; x_wconf 80' lang='lat' dir='ltr'><strong>defensioni</strong></span> <span class='ocrx_word' id='word_1_122' title='bbox 1149 1817 1215 1898; x_wconf 84' lang='lat' dir='ltr'><strong>ejus</strong></span> 
     </span>
    </p>

    <p class='ocr_par' dir='ltr' id='par_1_4' title="bbox 1 1913 444 1994">
     <span class='ocr_line' id='line_1_15' title="bbox 1 1913 444 1994; baseline -0.011 -16"><span class='ocrx_word' id='word_1_123' title='bbox 1 1955 2 1970; x_wconf 66' lang='lat'><strong>.</strong></span> <span class='ocrx_word' id='word_1_124' title='bbox 112 1915 267 1978; x_wconf 57' lang='lat' dir='ltr'><strong>memus</strong></span> <span class='ocrx_word' id='word_1_125' title='bbox 277 1927 311 1977; x_wconf 91' lang='lat' dir='ltr'><strong>et</strong></span> <span class='ocrx_word' id='word_1_126' title='bbox 325 1913 444 1994; x_wconf 66' lang='lat' dir='ltr'><strong>plnum</strong></span> 
     </span>
    </p>

    <p class='ocr_par' dir='ltr' id='par_1_5' title="bbox 155 2008 1213 2092">
     <span class='ocr_line' id='line_1_16' title="bbox 155 2008 1213 2092; baseline 0.002 -19"><span class='ocrx_word' id='word_1_127' title='bbox 155 2015 200 2074; x_wconf 91' lang='lat' dir='ltr'><strong>ld.</strong></span> <span class='ocrx_word' id='word_1_128' title='bbox 217 2014 256 2088; x_wconf 86' lang='lat' dir='ltr'><strong>V,</strong></span> <span class='ocrx_word' id='word_1_129' title='bbox 275 2013 313 2074; x_wconf 83' lang='lat'><strong>13</strong></span> <span class='ocrx_word' id='word_1_130' title='bbox 330 2033 339 2072; x_wconf 73' lang='grc' dir='ltr'><strong><em>ε</em></strong></span> <span class='ocrx_word' id='word_1_131' title='bbox 354 2011 551 2074; x_wconf 82' lang='lat' dir='ltr'><strong>Recitaturus</strong></span> <span class='ocrx_word' id='word_1_132' title='bbox 562 2008 802 2085; x_wconf 84' lang='lat' dir='ltr'><strong>oratiunculam,</strong></span> <span class='ocrx_word' id='word_1_133' title='bbox 819 2028 909 2089; x_wconf 89' lang='lat' dir='ltr'><strong>quam</strong></span> <span class='ocrx_word' id='word_1_134' title='bbox 928 2009 1089 2092; x_wconf 84' lang='lat' dir='ltr'><strong>publicare</strong></span> <span class='ocrx_word' id='word_1_135' title='bbox 1099 2014 1213 2092; x_wconf 79' lang='lat' dir='ltr'><strong>cogito,</strong></span> 
     </span>
    </p>

    <p class='ocr_par' dir='ltr' id='par_1_6' title="bbox 1 2095 1084 2196">
     <span class='ocr_line' id='line_1_17' title="bbox 1 2095 1084 2196; baseline -0.003 -19"><span class='ocrx_word' id='word_1_136' title='bbox 1 2095 4 2105; x_wconf 46' lang='lat'>⁵</span> <span class='ocrx_word' id='word_1_137' title='bbox 111 2115 264 2178; x_wconf 66' lang='lat' dir='ltr'><strong>amoeeui</strong></span> <span class='ocrx_word' id='word_1_138' title='bbox 276 2114 407 2196; x_wconf 67' lang='lat' dir='ltr'><strong>abque,</strong></span> <span class='ocrx_word' id='word_1_139' title='bbox 420 2123 455 2176; x_wconf 90' lang='lat' dir='ltr'><strong>ut</strong></span> <span class='ocrx_word' id='word_1_140' title='bbox 465 2128 609 2188; x_wconf 85' lang='lat' dir='ltr'><strong>vererer,</strong></span> <span class='ocrx_word' id='word_1_141' title='bbox 625 2122 798 2192; x_wconf 74' lang='lat' dir='ltr'><strong>paueoe„ut</strong></span> <span class='ocrx_word' id='word_1_142' title='bbox 815 2129 920 2177; x_wconf 74' lang='lat' dir='ltr'><strong>terum</strong></span> <span class='ocrx_word' id='word_1_143' title='bbox 934 2110 1084 2180; x_wconf 65' lang='lat' dir='ltr'><strong>audirem.</strong></span> 
     </span>
    </p>

    <p class='ocr_par' dir='ltr' id='par_1_7' title="bbox 112 2205 1217 2594">
     <span class='ocr_line' id='line_1_18' title="bbox 157 2205 1213 2289; baseline 0.001 -18"><span class='ocrx_word' id='word_1_144' title='bbox 157 2212 204 2273; x_wconf 76' lang='lat' dir='ltr'><strong>lu</strong></span> <span class='ocrx_word' id='word_1_145' title='bbox 229 2211 361 2289; x_wconf 62' lang='lat' dir='ltr'><strong>vuum</strong></span> <span class='ocrx_word' id='word_1_146' title='bbox 382 2212 457 2278; x_wconf 80' lang='lat' dir='ltr'><strong>lem</strong></span> <span class='ocrx_word' id='word_1_147' title='bbox 479 2225 563 2273; x_wconf 80' lang='lat' dir='ltr'><strong>nuuc</strong></span> <span class='ocrx_word' id='word_1_148' title='bbox 587 2219 699 2274; x_wconf 80' lang='lat' dir='ltr'><strong>centra</strong></span> <span class='ocrx_word' id='word_1_149' title='bbox 724 2207 815 2285; x_wconf 77' lang='lat' dir='ltr'><strong>istum</strong></span> <span class='ocrx_word' id='word_1_150' title='bbox 836 2205 952 2276; x_wconf 79' lang='lat' dir='ltr'><strong>librum</strong></span> <span class='ocrx_word' id='word_1_151' title='bbox 965 2207 1053 2271; x_wconf 80' lang='lat' dir='ltr'><strong>faveo</strong></span> <span class='ocrx_word' id='word_1_152' title='bbox 1066 2206 1213 2286; x_wconf 76' lang='lat' dir='ltr'><strong>orationi,</strong></span> 
     </span>
     <span class='ocr_line' id='line_1_19' title="bbox 114 2302 1217 2394; baseline -0.005 -19"><span class='ocrx_word' id='word_1_153' title='bbox 114 2330 207 2392; x_wconf 82' lang='lat' dir='ltr'><strong>quem</strong></span> <span class='ocrx_word' id='word_1_154' title='bbox 231 2328 330 2394; x_wconf 82' lang='lat' dir='ltr'><strong>nuper</strong></span> <span class='ocrx_word' id='word_1_155' title='bbox 345 2311 381 2376; x_wconf 88' lang='lat' dir='ltr'><strong>in</strong></span> <span class='ocrx_word' id='word_1_156' title='bbox 394 2307 556 2393; x_wconf 80' lang='lat' dir='ltr'><strong>publicum</strong></span> <span class='ocrx_word' id='word_1_157' title='bbox 571 2303 656 2383; x_wconf 77' lang='lat' dir='ltr'><strong>ueni,</strong></span> <span class='ocrx_word' id='word_1_158' title='bbox 671 2302 954 2372; x_wconf 76' lang='lat' dir='ltr'><strong>communicaturus</strong></span> <span class='ocrx_word' id='word_1_159' title='bbox 969 2321 1083 2386; x_wconf 86' lang='lat' dir='ltr'><strong>tecum,</strong></span> <span class='ocrx_word' id='word_1_160' title='bbox 1105 2323 1140 2370; x_wconf 91' lang='lat' dir='ltr'><strong>ut</strong></span> <span class='ocrx_word' id='word_1_161' title='bbox 1153 2307 1217 2394; x_wconf 86' lang='lat' dir='ltr'><strong>pri·</strong></span> 
     </span>
     <span class='ocr_line' id='line_1_20' title="bbox 112 2408 1214 2492; baseline -0.002 -16"><span class='ocrx_word' id='word_1_162' title='bbox 112 2430 200 2476; x_wconf 79' lang='lat' dir='ltr'><strong>mum</strong></span> <span class='ocrx_word' id='word_1_163' title='bbox 220 2412 400 2492; x_wconf 74' lang='lat' dir='ltr'><strong>diligentem</strong></span> <span class='ocrx_word' id='word_1_164' title='bbox 421 2409 618 2474; x_wconf 69' lang='lat' dir='ltr'><strong>tabellarium</strong></span> <span class='ocrx_word' id='word_1_165' title='bbox 646 2408 808 2473; x_wconf 83' lang='lat' dir='ltr'><strong>invenero.</strong></span> <span class='ocrx_word' id='word_1_166' title='bbox 836 2408 932 2473; x_wconf 81' lang='lat' dir='ltr'><strong>Erexi</strong></span> <span class='ocrx_word' id='word_1_167' title='bbox 954 2410 1214 2491; x_wconf 71' lang='lat' dir='ltr'><strong>exspectationem</strong></span> 
     </span>
     <span class='ocr_line' id='line_1_21' title="bbox 113 2506 1104 2594; baseline -0.005 -19"><span class='ocrx_word' id='word_1_168' title='bbox 113 2513 227 2576; x_wconf 86' lang='lat' dir='ltr'><strong>tuaml‘</strong></span> <span class='ocrx_word' id='word_1_169' title='bbox 244 2533 334 2594; x_wconf 89' lang='lat' dir='ltr'><strong>qnam</strong></span> <span class='ocrx_word' id='word_1_170' title='bbox 348 2531 459 2575; x_wconf 82' lang='lat' dir='ltr'><strong>vereor</strong></span> <span class='ocrx_word' id='word_1_171' title='bbox 473 2533 517 2574; x_wconf 81' lang='lat' dir='ltr'><strong>ne</strong></span> <span class='ocrx_word' id='word_1_172' title='bbox 527 2506 674 2574; x_wconf 48' lang='lat' dir='ltr'><strong>astituat</strong></span> <span class='ocrx_word' id='word_1_173' title='bbox 687 2508 958 2576; x_wconf 71' lang='lat' dir='ltr'><strong>erasmianam</strong></span> <span class='ocrx_word' id='word_1_174' title='bbox 972 2521 1104 2594; x_wconf 69' lang='lat' dir='ltr'><strong>empta.</strong></span> 
     </span>
    </p>

    <p class='ocr_par' dir='ltr' id='par_1_8' title="bbox 111 2606 1214 2994">
     <span class='ocr_line' id='line_1_22' title="bbox 157 2606 1213 2696; baseline -0.003 -19"><span class='ocrx_word' id='word_1_175' title='bbox 157 2616 206 2682; x_wconf 89' lang='lat' dir='ltr'><strong>ld.</strong></span> <span class='ocrx_word' id='word_1_176' title='bbox 221 2616 278 2688; x_wconf 81' lang='lat' dir='ltr'><strong>lx,</strong></span> <span class='ocrx_word' id='word_1_177' title='bbox 291 2613 332 2678; x_wconf 78' lang='lat' dir='ltr'><strong>t:</strong></span> <span class='ocrx_word' id='word_1_178' title='bbox 350 2606 496 2688; x_wconf 86' lang='lat' dir='ltr'><strong>Vererer,</strong></span> <span class='ocrx_word' id='word_1_179' title='bbox 515 2633 554 2674; x_wconf 92' lang='lat' dir='ltr'><strong>ne</strong></span> <span class='ocrx_word' id='word_1_180' title='bbox 568 2610 765 2674; x_wconf 83' lang='lat' dir='ltr'><strong>immodicam</strong></span> <span class='ocrx_word' id='word_1_181' title='bbox 780 2610 950 2696; x_wconf 84' lang='lat' dir='ltr'><strong>orationem</strong></span> <span class='ocrx_word' id='word_1_182' title='bbox 970 2623 1106 2694; x_wconf 86' lang='lat' dir='ltr'><strong>putares,</strong></span> <span class='ocrx_word' id='word_1_183' title='bbox 1122 2633 1213 2694; x_wconf 78' lang='lat' dir='ltr'><strong>qnam</strong></span> 
     </span>
     <span class='ocr_line' id='line_1_23' title="bbox 113 2710 1213 2796; baseline -0.004 -18"><span class='ocrx_word' id='word_1_184' title='bbox 113 2733 186 2778; x_wconf 89' lang='lat' dir='ltr'><strong>cnm</strong></span> <span class='ocrx_word' id='word_1_185' title='bbox 200 2715 257 2777; x_wconf 89' lang='lat' dir='ltr'><strong>hac</strong></span> <span class='ocrx_word' id='word_1_186' title='bbox 276 2711 407 2796; x_wconf 85' lang='lat' dir='ltr'><strong>epistola</strong></span> <span class='ocrx_word' id='word_1_187' title='bbox 421 2714 565 2796; x_wconf 85' lang='lat' dir='ltr'><strong>accipies,</strong></span> <span class='ocrx_word' id='word_1_188' title='bbox 584 2713 643 2776; x_wconf 87' lang='lat' dir='ltr'><strong>nisi</strong></span> <span class='ocrx_word' id='word_1_189' title='bbox 656 2726 737 2776; x_wconf 89' lang='lat' dir='ltr'><strong>esset</strong></span> <span class='ocrx_word' id='word_1_190' title='bbox 756 2712 881 2792; x_wconf 81' lang='lat' dir='ltr'><strong>generis</strong></span> <span class='ocrx_word' id='word_1_191' title='bbox 893 2710 969 2796; x_wconf 83' lang='lat' dir='ltr'><strong>ejus,</strong></span> <span class='ocrx_word' id='word_1_192' title='bbox 986 2725 1021 2774; x_wconf 89' lang='lat' dir='ltr'><strong>nt</strong></span> <span class='ocrx_word' id='word_1_193' title='bbox 1035 2727 1115 2796; x_wconf 82' lang='lat' dir='ltr'><strong>saepe</strong></span> <span class='ocrx_word' id='word_1_194' title='bbox 1135 2713 1213 2775; x_wconf 86' lang='lat' dir='ltr'><strong>inci·</strong></span> 
     </span>
     <span class='ocr_line' id='line_1_24' title="bbox 115 2807 1214 2899; baseline -0.003 -24"><span class='ocrx_word' id='word_1_195' title='bbox 115 2833 204 2899; x_wconf 89' lang='lat' dir='ltr'><strong>pere,</strong></span> <span class='ocrx_word' id='word_1_196' title='bbox 226 2833 306 2896; x_wconf 84' lang='lat' dir='ltr'><strong>saepe</strong></span> <span class='ocrx_word' id='word_1_197' title='bbox 326 2809 467 2875; x_wconf 86' lang='lat' dir='ltr'><strong>desinere</strong></span> <span class='ocrx_word' id='word_1_198' title='bbox 482 2811 634 2873; x_wconf 85' lang='lat' dir='ltr'><strong>videatur.</strong></span> <span class='ocrx_word' id='word_1_199' title='bbox 655 2811 734 2872; x_wconf 86' lang='lat' dir='ltr'><strong>Nam</strong></span> <span class='ocrx_word' id='word_1_200' title='bbox 748 2809 875 2888; x_wconf 80' lang='lat' dir='ltr'><strong>singulis</strong></span> <span class='ocrx_word' id='word_1_201' title='bbox 890 2807 1075 2871; x_wconf 89' lang='lat' dir='ltr'><strong>criminibus</strong></span> <span class='ocrx_word' id='word_1_202' title='bbox 1086 2808 1214 2890; x_wconf 84' lang='lat' dir='ltr'><strong>singnlae</strong></span> 
     </span>
     <span class='ocr_line' id='line_1_25' title="bbox 111 2908 565 2994; baseline -0.015 -20"><span class='ocrx_word' id='word_1_203' title='bbox 111 2927 343 2994; x_wconf 76' lang='lat' dir='ltr'><strong>qtteqtteoenttt</strong></span> <span class='ocrx_word' id='word_1_204' title='bbox 353 2908 565 2989; x_wconf 68' lang='lat' dir='ltr'><strong>confinentem</strong></span> 
     </span>
    </p>
   </div>
   <div class='ocr_carea' id='block_1_3' title="bbox 148 3049 1107 3129">
    <p class='ocr_par' dir='ltr' id='par_1_9' title="bbox 148 3049 1107 3129">
     <span class='ocr_line' id='line_1_26' title="bbox 148 3049 1107 3129; baseline -0.004 -16"><span class='ocrx_word' id='word_1_205' title='bbox 148 3059 309 3125; x_wconf 77' lang='lat' dir='ltr'><strong>orattbnem]</strong></span> <span class='ocrx_word' id='word_1_206' title='bbox 324 3057 460 3110; x_wconf 84' lang='lat' dir='ltr'><strong>Gesnerus</strong></span> <span class='ocrx_word' id='word_1_207' title='bbox 472 3057 614 3110; x_wconf 87' lang='lat' dir='ltr'><strong>orationem</strong></span> <span class='ocrx_word' id='word_1_208' title='bbox 627 3053 653 3106; x_wconf 77' lang='lat' dir='ltr'><strong>in</strong></span> <span class='ocrx_word' id='word_1_209' title='bbox 668 3054 798 3108; x_wconf 80' lang='lat' dir='ltr'><strong>Coect‘lt&#39;um</strong></span> <span class='ocrx_word' id='word_1_210' title='bbox 814 3053 958 3108; x_wconf 65' lang='lat' dir='ltr'><strong>Classicum</strong></span> <span class='ocrx_word' id='word_1_211' title='bbox 970 3049 1107 3129; x_wconf 68' lang='lat' dir='ltr'><strong>intelligit.</strong></span> 
     </span>
    </p>
   </div>
   <div class='ocr_carea' id='block_1_4' title="bbox 1 3181 1216 3654">
    <p class='ocr_par' dir='ltr' id='par_1_10' title="bbox 1 3181 1216 3562">
     <span class='ocr_line' id='line_1_27' title="bbox 159 3181 1215 3268; baseline 0 -20"><span class='ocrx_word' id='word_1_212' title='bbox 159 3185 207 3248; x_wconf 90' lang='lat' dir='ltr'><strong>id.</strong></span> <span class='ocrx_word' id='word_1_213' title='bbox 229 3184 297 3257; x_wconf 85' lang='lat' dir='ltr'><strong>Vll,</strong></span> <span class='ocrx_word' id='word_1_214' title='bbox 315 3182 367 3257; x_wconf 84' lang='lat'><strong>30,</strong></span> <span class='ocrx_word' id='word_1_215' title='bbox 386 3182 404 3242; x_wconf 81' lang='lat' dir='ltr'><strong>t</strong></span> <span class='ocrx_word' id='word_1_216' title='bbox 420 3204 427 3242; x_wconf 75' lang='grc' dir='ltr'><strong>ε</strong></span> <span class='ocrx_word' id='word_1_217' title='bbox 445 3183 485 3243; x_wconf 89' lang='lat' dir='ltr'><strong>Et</strong></span> <span class='ocrx_word' id='word_1_218' title='bbox 502 3182 606 3244; x_wconf 89' lang='lat' dir='ltr'><strong>scribo</strong></span> <span class='ocrx_word' id='word_1_219' title='bbox 623 3181 739 3268; x_wconf 87' lang='lat' dir='ltr'><strong>aliquid</strong></span> <span class='ocrx_word' id='word_1_220' title='bbox 753 3193 785 3244; x_wconf 88' lang='lat' dir='ltr'><strong>et</strong></span> <span class='ocrx_word' id='word_1_221' title='bbox 799 3182 887 3260; x_wconf 84' lang='lat' dir='ltr'><strong>lego;</strong></span> <span class='ocrx_word' id='word_1_222' title='bbox 906 3181 959 3244; x_wconf 91' lang='lat' dir='ltr'><strong>sed</strong></span> <span class='ocrx_word' id='word_1_223' title='bbox 979 3203 1050 3245; x_wconf 89' lang='lat' dir='ltr'><strong>cnm</strong></span> <span class='ocrx_word' id='word_1_224' title='bbox 1071 3184 1150 3262; x_wconf 79' lang='lat' dir='ltr'><strong>lego,</strong></span> <span class='ocrx_word' id='word_1_225' title='bbox 1176 3207 1215 3248; x_wconf 82' lang='lat' dir='ltr'><strong>ex</strong></span> 
     </span>
     <span class='ocr_line' id='line_1_28' title="bbox 116 3277 1215 3368; baseline -0.005 -16"><span class='ocrx_word' id='word_1_226' title='bbox 116 3285 356 3368; x_wconf 71' lang='lat' dir='ltr'><strong>comparatione</strong></span> <span class='ocrx_word' id='word_1_227' title='bbox 373 3283 485 3360; x_wconf 77' lang='lat' dir='ltr'><strong>sentin¹</strong></span> <span class='ocrx_word' id='word_1_228' title='bbox 507 3277 859 3364; x_wconf 67' lang='lat' dir='ltr'><strong>numentanorum:</strong></span> <span class='ocrx_word' id='word_1_229' title='bbox 875 3279 951 3347; x_wconf 87' lang='lat' dir='ltr'><strong>licet</strong></span> <span class='ocrx_word' id='word_1_230' title='bbox 965 3296 998 3346; x_wconf 85' lang='lat' dir='ltr'><strong>tu</strong></span> <span class='ocrx_word' id='word_1_231' title='bbox 1012 3284 1087 3352; x_wconf 89' lang='lat' dir='ltr'><strong>mihi</strong></span> <span class='ocrx_word' id='word_1_232' title='bbox 1101 3285 1215 3348; x_wconf 85' lang='lat' dir='ltr'><strong>benum</strong></span> 
     </span>
     <span class='ocr_line' id='line_1_29' title="bbox 1 3377 1215 3462; baseline -0.004 -15"><span class='ocrx_word' id='word_1_233' title='bbox 1 3393 2 3396; x_wconf 76' lang='grc'>’</span> <span class='ocrx_word' id='word_1_234' title='bbox 116 3383 256 3450; x_wconf 80' lang='lat' dir='ltr'><strong>euitnum</strong></span> <span class='ocrx_word' id='word_1_235' title='bbox 270 3378 381 3456; x_wconf 67' lang='lat' dir='ltr'><strong>bitias,</strong></span> <span class='ocrx_word' id='word_1_236' title='bbox 395 3379 447 3462; x_wconf 89' lang='lat' dir='ltr'><strong>qui</strong></span> <span class='ocrx_word' id='word_1_237' title='bbox 461 3378 577 3440; x_wconf 67' lang='lat' dir='ltr'><strong>libeliis</strong></span> <span class='ocrx_word' id='word_1_238' title='bbox 592 3401 677 3444; x_wconf 81' lang='lat' dir='ltr'><strong>meos</strong></span> <span class='ocrx_word' id='word_1_239' title='bbox 691 3382 729 3442; x_wconf 82' lang='lat' dir='ltr'><strong>de</strong></span> <span class='ocrx_word' id='word_1_240' title='bbox 742 3379 852 3440; x_wconf 73' lang='lat' dir='ltr'><strong>ubmne</strong></span> <span class='ocrx_word' id='word_1_241' title='bbox 866 3377 992 3441; x_wconf 77' lang='lat' dir='ltr'><strong>Helvidii</strong></span> <span class='ocrx_word' id='word_1_242' title='bbox 1004 3381 1138 3444; x_wconf 89' lang='lat' dir='ltr'><strong>orationi</strong></span> <span class='ocrx_word' id='word_1_243' title='bbox 1156 3383 1215 3442; x_wconf 89' lang='lat' dir='ltr'><strong>De·</strong></span> 
     </span>
     <span class='ocr_line' id='line_1_30' title="bbox 117 3476 1216 3562; baseline 0.001 -22"><span class='ocrx_word' id='word_1_244' title='bbox 117 3476 286 3542; x_wconf 88' lang='lat' dir='ltr'><strong>mosthenis</strong></span> <span class='ocrx_word' id='word_1_245' title='bbox 303 3491 368 3544; x_wconf 67' lang='grc' dir='ltr'>κατὰ</span> <span class='ocrx_word' id='word_1_246' title='bbox 386 3487 487 3543; x_wconf 68' lang='grc' dir='ltr'>Μειδίου</span> <span class='ocrx_word' id='word_1_247' title='bbox 517 3477 649 3552; x_wconf 87' lang='lat' dir='ltr'><strong>coniers,</strong></span> <span class='ocrx_word' id='word_1_248' title='bbox 680 3497 771 3559; x_wconf 84' lang='lat' dir='ltr'><strong>quem</strong></span> <span class='ocrx_word' id='word_1_249' title='bbox 790 3495 876 3552; x_wconf 85' lang='lat' dir='ltr'><strong>sane,</strong></span> <span class='ocrx_word' id='word_1_250' title='bbox 902 3495 972 3540; x_wconf 90' lang='lat' dir='ltr'><strong>cum</strong></span> <span class='ocrx_word' id='word_1_251' title='bbox 1000 3496 1216 3562; x_wconf 88' lang='lat' dir='ltr'><strong>componerem</strong></span> 
     </span>
    </p>

    <p class='ocr_par' dir='ltr' id='par_1_11' title="bbox 116 3577 521 3654">
     <span class='ocr_line' id='line_1_31' title="bbox 116 3577 521 3654; baseline -0.012 -12"><span class='ocrx_word' id='word_1_252' title='bbox 116 3581 197 3654; x_wconf 87' lang='lat' dir='ltr'><strong>illos,</strong></span> <span class='ocrx_word' id='word_1_253' title='bbox 212 3579 307 3642; x_wconf 87' lang='lat' dir='ltr'><strong>habui</strong></span> <span class='ocrx_word' id='word_1_254' title='bbox 319 3581 353 3641; x_wconf 88' lang='lat' dir='ltr'><strong>in</strong></span> <span class='ocrx_word' id='word_1_255' title='bbox 368 3577 521 3642; x_wconf 87' lang='lat' dir='ltr'><strong>manibus.</strong></span> 
     </span>
    </p>
   </div>
   <div class='ocr_carea' id='block_1_5' title="bbox 122 3711 1242 4226">
    <p class='ocr_par' dir='ltr' id='par_1_12' title="bbox 148 3711 1216 3973">
     <span class='ocr_line' id='line_1_32' title="bbox 149 3711 1216 3803; baseline 0.005 -17.995"><span class='ocrx_word' id='word_1_256' title='bbox 149 3711 272 3798; x_wconf 71' lang='lat' dir='ltr'><strong>libellos]</strong></span> <span class='ocrx_word' id='word_1_257' title='bbox 286 3735 477 3803; x_wconf 76' lang='lat' dir='ltr'><strong>Argumentum</strong></span> <span class='ocrx_word' id='word_1_258' title='bbox 485 3728 635 3784; x_wconf 67' lang='lat' dir='ltr'><strong>orationum</strong></span> <span class='ocrx_word' id='word_1_259' title='bbox 646 3729 680 3783; x_wconf 83' lang='lat' dir='ltr'><strong>de</strong></span> <span class='ocrx_word' id='word_1_260' title='bbox 693 3729 798 3786; x_wconf 70' lang='lat' dir='ltr'><strong>udone</strong></span> <span class='ocrx_word' id='word_1_261' title='bbox 804 3725 923 3788; x_wconf 68' lang='lat' dir='ltr'><strong>Heluidii</strong></span> <span class='ocrx_word' id='word_1_262' title='bbox 934 3735 991 3786; x_wconf 81' lang='lat' dir='ltr'><strong>fuse</strong></span> <span class='ocrx_word' id='word_1_263' title='bbox 1002 3747 1091 3787; x_wconf 82' lang='lat' dir='ltr'><strong>narrat</strong></span> <span class='ocrx_word' id='word_1_264' title='bbox 1099 3734 1148 3788; x_wconf 91' lang='lat' dir='ltr'><strong>lib.</strong></span> <span class='ocrx_word' id='word_1_265' title='bbox 1166 3736 1216 3796; x_wconf 81' lang='lat' dir='ltr'><strong>lx.</strong></span> 
     </span>
     <span class='ocr_line' id='line_1_33' title="bbox 191 3813 1216 3888; baseline 0.004 -22"><span class='ocrx_word' id='word_1_266' title='bbox 191 3817 233 3868; x_wconf 80' lang='lat' dir='ltr'><strong>te.</strong></span> <span class='ocrx_word' id='word_1_267' title='bbox 254 3813 393 3866; x_wconf 84' lang='lat' dir='ltr'><strong>Publicius</strong></span> <span class='ocrx_word' id='word_1_268' title='bbox 411 3813 506 3866; x_wconf 84' lang='lat' dir='ltr'><strong>Certus</strong></span> <span class='ocrx_word' id='word_1_269' title='bbox 520 3814 570 3867; x_wconf 86' lang='lat' dir='ltr'><strong>sub</strong></span> <span class='ocrx_word' id='word_1_270' title='bbox 592 3814 742 3867; x_wconf 87' lang='lat' dir='ltr'><strong>Domitiano</strong></span> <span class='ocrx_word' id='word_1_271' title='bbox 756 3814 908 3869; x_wconf 84' lang='lat' dir='ltr'><strong>Helvidium</strong></span> <span class='ocrx_word' id='word_1_272' title='bbox 926 3815 1107 3888; x_wconf 84' lang='lat' dir='ltr'><strong>violarat,qui</strong></span> <span class='ocrx_word' id='word_1_273' title='bbox 1124 3838 1183 3872; x_wconf 84' lang='lat' dir='ltr'><strong>mox</strong></span> <span class='ocrx_word' id='word_1_274' title='bbox 1202 3839 1216 3870; x_wconf 86' lang='lat' dir='ltr'><strong>a</strong></span> 
     </span>
     <span class='ocr_line' id='line_1_34' title="bbox 188 3899 1215 3973; baseline 0.006 -23"><span class='ocrx_word' id='word_1_275' title='bbox 188 3900 337 3955; x_wconf 74' lang='lat' dir='ltr'><strong>Donnitim</strong></span> <span class='ocrx_word' id='word_1_276' title='bbox 353 3899 522 3952; x_wconf 66' lang='lat' dir='ltr'><strong>occidebatur</strong></span> <span class='ocrx_word' id='word_1_277' title='bbox 534 3919 558 3954; x_wconf 88' lang='lat' dir='ltr'><strong>a.</strong></span> <span class='ocrx_word' id='word_1_278' title='bbox 573 3903 605 3954; x_wconf 88' lang='lat' dir='ltr'><strong>U.</strong></span> <span class='ocrx_word' id='word_1_279' title='bbox 620 3899 684 3954; x_wconf 79' lang='lat' dir='ltr'><strong>ete.</strong></span> <span class='ocrx_word' id='word_1_280' title='bbox 696 3900 790 3969; x_wconf 67' lang='lat' dir='ltr'><strong>(teir.</strong></span> <span class='ocrx_word' id='word_1_281' title='bbox 811 3902 899 3973; x_wconf 63' lang='lat' dir='ltr'><strong>Aere.</strong></span> <span class='ocrx_word' id='word_1_282' title='bbox 913 3918 937 3956; x_wconf 80' lang='lat' dir='ltr'><strong>c.</strong></span> <span class='ocrx_word' id='word_1_283' title='bbox 953 3904 1005 3966; x_wconf 64' lang='lat' dir='ltr'><strong>tte</strong></span> <span class='ocrx_word' id='word_1_284' title='bbox 1022 3902 1103 3964; x_wconf 66' lang='lat' dir='ltr'><strong>Suet.</strong></span> <span class='ocrx_word' id='word_1_285' title='bbox 1118 3905 1215 3958; x_wconf 71' lang='lat' dir='ltr'><strong>nouit.</strong></span> 
     </span>
    </p>

    <p class='ocr_par' dir='ltr' id='par_1_13' title="bbox 122 3981 1242 4226">
     <span class='ocr_line' id='line_1_35' title="bbox 122 3981 1216 4055; baseline 0.005 -21"><span class='ocrx_word' id='word_1_286' title='bbox 122 4029 126 4034; x_wconf 92' lang='lat'><strong>.</strong></span> <span class='ocrx_word' id='word_1_287' title='bbox 180 4003 217 4038; x_wconf 76' lang='lat' dir='ltr'><strong>e.</strong></span> <span class='ocrx_word' id='word_1_288' title='bbox 234 3985 288 4054; x_wconf 77' lang='lat' dir='ltr'><strong>lb.)</strong></span> <span class='ocrx_word' id='word_1_289' title='bbox 302 3982 407 4042; x_wconf 61' lang='lat' dir='ltr'><strong>Plinius</strong></span> <span class='ocrx_word' id='word_1_290' title='bbox 423 3981 575 4048; x_wconf 73' lang='lat' dir='ltr'><strong>nonreulte</strong></span> <span class='ocrx_word' id='word_1_291' title='bbox 585 3996 648 4055; x_wconf 90' lang='lat' dir='ltr'><strong>post</strong></span> <span class='ocrx_word' id='word_1_292' title='bbox 664 4001 756 4041; x_wconf 83' lang='lat' dir='ltr'><strong>necem</strong></span> <span class='ocrx_word' id='word_1_293' title='bbox 775 3984 926 4038; x_wconf 78' lang='lat' dir='ltr'><strong>Dounitiani</strong></span> <span class='ocrx_word' id='word_1_294' title='bbox 945 3986 1057 4042; x_wconf 87' lang='lat' dir='ltr'><strong>ineunte</strong></span> <span class='ocrx_word' id='word_1_295' title='bbox 1070 4007 1139 4042; x_wconf 87' lang='lat' dir='ltr'><strong>anno</strong></span> <span class='ocrx_word' id='word_1_296' title='bbox 1152 3989 1216 4042; x_wconf 79' lang='lat'><strong>849.</strong></span> 
     </span>
     <span class='ocr_line' id='line_1_36' title="bbox 191 4064 1216 4146; baseline 0.003 -22"><span class='ocrx_word' id='word_1_297' title='bbox 191 4069 344 4129; x_wconf 61' lang='lat' dir='ltr'><strong>Publicium.</strong></span> <span class='ocrx_word' id='word_1_298' title='bbox 357 4070 466 4125; x_wconf 83' lang='lat' dir='ltr'><strong>Certuut</strong></span> <span class='ocrx_word' id='word_1_299' title='bbox 478 4087 551 4123; x_wconf 87' lang='lat' dir='ltr'><strong>rcum</strong></span> <span class='ocrx_word' id='word_1_300' title='bbox 562 4067 635 4136; x_wconf 79' lang='lat' dir='ltr'><strong>lacit,</strong></span> <span class='ocrx_word' id='word_1_301' title='bbox 655 4083 685 4124; x_wconf 80' lang='lat' dir='ltr'><strong>ut</strong></span> <span class='ocrx_word' id='word_1_302' title='bbox 703 4070 730 4122; x_wconf 90' lang='lat' dir='ltr'><strong>in</strong></span> <span class='ocrx_word' id='word_1_303' title='bbox 743 4068 806 4123; x_wconf 91' lang='lat' dir='ltr'><strong>libri</strong></span> <span class='ocrx_word' id='word_1_304' title='bbox 817 4070 854 4122; x_wconf 83' lang='lat' dir='ltr'><strong>lx</strong></span> <span class='ocrx_word' id='word_1_305' title='bbox 871 4072 950 4142; x_wconf 84' lang='lat' dir='ltr'><strong>epist.</strong></span> <span class='ocrx_word' id='word_1_306' title='bbox 972 4076 1000 4125; x_wconf 87' lang='grc'><strong>13</strong></span> <span class='ocrx_word' id='word_1_307' title='bbox 1018 4064 1140 4146; x_wconf 80' lang='lat' dir='ltr'><strong>legimus.</strong></span> <span class='ocrx_word' id='word_1_308' title='bbox 1156 4073 1216 4127; x_wconf 88' lang='lat' dir='ltr'><strong>Vid.</strong></span> 
     </span>
     <span class='ocr_line' id='line_1_37' title="bbox 191 4155 1242 4226; baseline 0.003 -18"><span class='ocrx_word' id='word_1_309' title='bbox 191 4155 308 4210; x_wconf 80' lang='lat' dir='ltr'><strong>Messeni</strong></span> <span class='ocrx_word' id='word_1_310' title='bbox 322 4157 378 4209; x_wconf 85' lang='lat' dir='ltr'><strong>Vit.</strong></span> <span class='ocrx_word' id='word_1_311' title='bbox 394 4155 474 4208; x_wconf 82' lang='lat' dir='ltr'><strong>Plinii</strong></span> <span class='ocrx_word' id='word_1_312' title='bbox 486 4174 512 4226; x_wconf 91' lang='lat' dir='ltr'><strong>p.</strong></span> <span class='ocrx_word' id='word_1_313' title='bbox 529 4157 571 4208; x_wconf 82' lang='lat'><strong>69.</strong></span> <span class='ocrx_word' id='word_1_314' title='bbox 1240 4179 1242 4182; x_wconf 90' lang='lat'>·</span> 
     </span>
    </p>
   </div>
   <div class='ocr_carea' id='block_1_6' title="bbox 1028 4261 1059 4312">
    <p class='ocr_par' dir='ltr' id='par_1_14' title="bbox 1028 4261 1059 4312">
     <span class='ocr_line' id='line_1_38' title="bbox 1028 4261 1059 4312; baseline 0.065 -2"><span class='ocrx_word' id='word_1_315' title='bbox 1028 4261 1059 4312; x_wconf 82' lang='grc'><strong>47</strong></span> 
     </span>
    </p>
   </div>
   <div class='ocr_carea' id='block_1_7' title="bbox 0 0 1490 4840">
    <p class='ocr_par' dir='ltr' id='par_1_15' title="bbox 0 0 1490 4840">
     <span class='ocr_line' id='line_1_39' title="bbox 0 0 1490 4840; baseline 0 0"><span class='ocrx_word' id='word_1_316' title='bbox 0 0 1490 4840; x_wconf 95' lang='lat' dir='ltr'><strong> </strong></span> 
     </span>
    </p>
   </div>
  </div>
 </body>
</html>
