2934 4846
806 346 852 416 40

285 495 435 558 11111111,
446 482 528 544 baud
536 483 628 548 dubie
636 503 675 548 ex
688 479 851 546 Posidonio
865 476 1003 545 tradidit.
1018 480 1066 543 De
1079 491 1177 542 morte
1186 473 1299 542 Rutilii
1308 495 1373 540 non

285 597 418 649 constat.
435 586 513 646 Nam
530 586 610 665 quod
629 586 777 646 Ernestns
793 581 827 644 in
847 581 941 644 Clara
956 579 1023 644 Cic.
1039 599 1077 642 ex
1100 579 1224 642 Tuscul.
1248 576 1302 652 tv,
1320 581 1372 651 11,

284 683 397 752 leviter
419 695 617 763 1311111111
629 681 671 746 ob
681 681 787 745 fratris
802 682 955 770 repulsam
971 691 1100 762 repente
1113 691 1269 742 mortuum
1281 676 1372 754 di'cit,

285 783 320 846 in
334 784 392 844 boe
407 784 443 844 P.
461 777 620 861 Rupilium
633 779 705 842 Cos.
729 780 790 842 620
809 799 879 842 cum
893 789 1000 840 nostro
1022 778 1226 851 conlundens,
1246 789 1281 836 ut
1301 789 1375 838 ante

281 885 326 955 ,de
343 876 463 943 Brossio
476 877 660 953 notavimus,
683 877 808 958 egregie
828 875 1056 951 hallucinaturt
1071 880 1110 941 de
1125 898 1187 960 qua
1201 899 1237 941 re
1251 877 1374 940 wene-

289 979 348 1042 lins
366 974 399 1036 in
413 975 497 1058 prael.
512 978 552 1041 ad
566 979 696 1040 Brutum
710 997 742 1058 p.
758 976 902 1040 LXXVII
922 973 1050 1038 monuit.

327 1073 439 1140 Varias
453 1074 504 1139 vir
515 1089 579 1144 tam
590 1075 723 1145 eximius
739 1075 773 1138 in
794 1097 860 1143 sese
873 1076 979 1140 laudes
993 1073 1100 1143 sociali
1109 1073 1243 1139 vinculo.
1250 1074 1376 1155 junctas

285 1171 435 1238 exhibuit.
457 1171 562 1238 Fortis
586 1173 670 1238 enim
691 1175 823 1238 bellust
840 1174 907 1256 jam
924 1175 1167 1239 adolescentulus
1181 1170 1318 1254 Scipioni
1336 1175 1376 1236 ad

183 1322 188 1328 -
284 1270 482 1338 Numantiam
497 1269 738 1351 acceptissimus,
760 1268 880 1349 ingenii
896 1272 992 1344 cultu,
1009 1269 1116 1336 Stoica
1130 1267 1293 1354 disciplina
1308 1291 1378 1332 eru·

284 1370 375 1446 ditus,
387 1384 421 1432 ut
431 1368 561 1434 Panaetii
571 1367 704 1444 auditor,
714 1367 795 1450 juris
806 1365 935 1450 peritus,
947 1382 1054 1433 orator
1064 1382 1097 1432 et
1104 1368 1304 1434 historiarum
1313 1384 1377 1432 tum

167 1459 177 1470 .
284 1477 393 1540 Graece
415 1483 480 1532 tum
502 1468 613 1534 Latine
637 1467 771 1553 scriptor
791 1469 947 1532 excelluit.
965 1471 1083 1532 Praeter
1095 1471 1162 1545 bos,
1187 1470 1298 1551 quibus
1312 1470 1376 1552 jam

284 1572 414 1638 testibus
425 1570 474 1634 usi
484 1591 595 1640 sumus,
614 1571 653 1632 cf.
670 1567 737 1634 Cic.
758 1572 806 1634 De
826 1571 947 1652 republ.
972 1571 998 1645 l,
1019 1572 1049 1645 8,
1069 1570 1140 1632 coll.
1161 1572 1212 1644 ll,
1235 1572 1373 1636 et-Ollic.

187 1705 191 1712 ·
283 1673 324 1744 11,
339 1673 389 1746 13,
406 1669 544 1752 quoloco
558 1663 633 1729 libri
647 1665 762 1748 ejusde
774 1666 846 1748 jure
866 1667 953 1732 civili
967 1668 1145 1741 laudantur,
1160 1689 1200 1731 ex
1210 1689 1271 1749 quo
1280 1671 1377 1731 multa

283 1770 433 1852 praeclara
447 1764 540 1830 etiarn
559 1760 715 1831 orationes
733 1761 942 1840 continuisse,
958 1761 1116 1845 ceteroqui
1130 1762 1270 1844 jejunas,
1294 1762 1377 1828 idem

284 1873 372 1934 Brut.
387 1889 417 1930 c.
433 1869 483 1942 30,
501 1864 560 1926 lll
576 1866 729 1930 observat.
745 1864 879 1934 Dederat
889 1865 974 1931 euim
986 1868 1064 1930 seP.
1079 1863 1180 1930 Mucio
1190 1865 1376 1930 Scaevolaein

280 1967 351 2049 jure
362 1962 576 2027 erudiendum.
600 1960 667 2025 Cic.
684 1961 776 2036 Ollio.
801 1964 823 2024 1.
845 1985 874 2025 1.
890 1966 968 2030 Natu
985 1959 1125 2045 Opilium
1139 1983 1260 2044 quoqne
1275 1983 1374 2042 gram·

284 2062 429 2130 maticnm
441 2083 510 2126 cum
526 2084 562 2126 eo
573 2063 606 2124 in
621 2059 731 2138 exsilio
742 2063 936 2126 consenuisse
952 2060 1117 2126 Suetonius
1126 2065 1174 2126 De
1185 2060 1232 2124 111.
1244 2083 1373 2142 gramm.

286 2187 313 2228 c.
332 2167 362 2240 6,
383 2177 414 2226 et
431 2162 634 2248 Symmachus
648 2164 725 2242 Epp.
744 2165 773 2235 l,
799 2161 852 2237 22,
870 2163 1056 2227 retulerunt.
1073 2163 1161 2226 luter
1183 2164 1267 2227 viros
1278 2161 1377 2226 literis

287 2262 470 2328 cultissimus
484 2283 553 2328 cum
572 2259 719 2344 Scipione
739 2276 771 2323 et
784 2262 890 2324 Persio
903 2261 970 2326 Cic.
998 2261 1099 2344 (Brut.
1127 2283 1156 2324 c.
1177 2264 1233 2350 26)
1246 2265 1375 2327 eundem

284 2363 419 2428 Lucilius
444 2363 556 2447 posuit,
574 2383 637 2428 uon
656 2359 704 2426 bis
717 2383 794 2439 sese,
816 2365 869 2433 sod
883 2361 1060 2426 Tarentinis
1078 2379 1109 2427 et
1129 2365 1252 2442 Siculis,
1270 2363 1375 2443 incan-

285 2463 359 2529 ditis
377 2463 568 2538 bominibus,
591 2463 729 2528 scribere
749 2463 911 2542 professus.
937 2464 1102 2528 Orationes
1128 2463 1245 2540 Rutilii
1259 2465 1376 2546 paucis·

284 2565 369 2627 simae
392 2575 639 2632 memorantur...
670 2555 720 2648 [V.
752 2560 791 2620 11.
815 2579 847 2642 p.
874 2556 961 2649 132]
989 2563 1051 2624 Res
1066 2563 1221 2624 Romanas
1243 2558 1378 2623 Rutilius

284 2667 406 2742 Graece,
423 2685 509 2728 suam
526 2665 622 2728 uitam
633 2659 855 2726 [1111111111
871 2659 1041 2744 scripsisse.
1060 2659 1237 2750 [V.Kraus.
1254 2659 1333 2728 Vitt.
1345 2678 1377 2726 et

284 2771 325 2832 11.
347 2769 420 2830 bist.
451 2787 484 2848 p.
505 2767 564 2830 221
588 2763 672 2853 sqq]
702 2761 910 2828 Hannibalica
936 2762 1087 2827 Rutilium
1118 2763 1276 2843 scripsisse
1301 2764 1378 2828 dicit

284 2868 401 2945 Popma
414 2863 549 2946 Appiani
563 2881 634 2922 usus
648 2858 912 2930 testimonio’ltu.
930 2881 956 2922 s.
972 2859 1099 2940 Hispan.
1119 2879 1149 2920 c.
1171 2861 1222 2935 88,
1239 2859 1379 2941 quamvis

285 2966 366 3048 apud
380 2966 463 3026 bunc
476 2963 599 3024 disertis
614 2959 718 3022 verbis
735 2963 767 3023 id
781 2961 913 3037 legatur,
930 2959 1082 3042 Scipionis
1096 2961 1129 3022 in
1140 2962 1309 3026 Numantia
1323 2963 1377 3026 ob·

285 3061 595 3144 sideudaprteiectum
605 3057 696 3123 fuine
711 3056 871 3123 Rutilium.
888 3057 1031 3140 Ejusdem
1042 3058 1224 3124 memoriam
1238 3061 1376 3125 11111111-

285 3163 378 3224 dorus
391 3160 499 3238 Origg.
526 3158 597 3234 XX,
626 3157 678 3232 11,
698 3157 738 3233 t,
762 3155 887 3232 habeat,
903 3171 989 3221 recte
1009 3157 1130 3239 quidem
1151 3159 1325 3222 aFabricio
1340 3161 1376 3225 itt

285 3260 369 3325 Bibl.
388 3264 458 3336 Lat.
474 3262 534 3336 Ill,
551 3281 582 3343 p.
602 3260 661 3321 375
677 3261 727 3321 ed.
747 3260 824 3321 Ern.
845 3273 1000 3337 monetur,
1025 3261 1169 3322 Rutilium
1183 3280 1240 3341 pro
1254 3261 1374 3338 Saturio,

286 3360 365 3440 quod
375 3359 531 3437 vulgatur,
548 3358 729 3442 legendnm,
741 3357 903 3418 sedvitum
918 3358 1084 3440 Scipionis,
1100 3371 1135 3417 ut
1143 3354 1226 3419 idem
1238 3362 1378 3424 emcnda-

284 3457 343 3534 vit,
360 3456 517 3540 scripsisse
532 3477 685 3538 ,nusquam
699 3456 865 3539 reperitur.
891 3452 999 3544 [Codd.
1017 3455 1137 3536 antiqui
1151 3477 1225 3538 quos
1245 3459 1377 3523 uidimus

283 3560 433 3619 Salustius
450 3558 554 3637 thsur,
568 3559 605 3616 de
620 3561 688 3616 uita
711 3551 794 3643 suu]
813 3556 946 3619 Dicendi
959 3570 1056 3633 genus
1074 3573 1133 3635 quo
1149 3575 1220 3619 usus
1234 3569 1291 3634 est,
1305 3577 1375 3622 cum

285 3657 393 3718 melius
405 3668 515 3716 notare
526 3675 589 3716 nou
603 3651 763 3735 possimus,
780 3673 871 3736 quam
883 3652 992 3715 Cicero
1008 3649 1081 3712 lecit
1097 3653 1185 3739 Rrut.
1207 3655 1302 3730 129,
1320 3653 1373 3730 dd,

284 3758 348 3820 brec
363 3751 532 3819 transcribi
547 3751 658 3818 inutile
680 3757 769 3819 duco.
792 3807 795 3815 ,

327 3852 408 3920 Huic
426 3853 524 3916 lerme
537 3856 668 3936 aeqnales
693 3864 775 3926 sunt,
802 3869 877 3931 quos
889 3847 999 3912 Cicero
1019 3850 1115 3912 Bruto
1140 3869 1230 3932 capp.
1259 3850 1374 3921 33‚.34

286 3952 466 4038 composuit,
490 3955 525 4016 C.
540 3953 640 4014 Galba
651 3951 719 4010 Ser.
736 3952 778 4010 F.
797 3945 899 4036 [inlr.
915 3967 948 4030 p.
967 3945 1057 4036 ¹34i³
1070 3950 1111 4011 Ρ.
1121 3949 1222 4026 Scipio
1229 3948 1270 4010 P.
1283 3950 1375 4010 Seru·

282 4062 386 4138 pionis
396 4059 451 4130 F.,
468 4056 505 4114 L.
525 4054 703 4130 Calpurnius
717 4052 833 4122 Bestia,
854 4049 888 4108 C.
901 4049 1024 4111 Flavius
1049 4049 1207 4120 Fimbria,
1217 4050 1287 4115 Cos.
1304 4071 1373 4116 cum

285 4158 323 4222 G.
335 4151 434 4218 Mario
447 4171 475 4214 a.
490 4149 550 4214 619
568 4142 690 4235 [ibid.l,
707 4161 738 4210 et
753 4144 818 4215 alii.
838 4144 956 4212 Horum
970 4165 1060 4212 nemo
1073 4167 1186 4212 nomen
1197 4169 1283 4214 suum
1304 4148 1372 4213 illn-
