2954 4840
750 309 818 380 stt

310 456 392 500 maus
409 457 469 501 nata
486 463 555 498 aum.
578 444 699 498 Imitatus
721 442 806 498 fuerat
821 443 931 498 Asinius
955 441 1095 498 fumutan
1119 452 1340 498 humatorum

310 526 559 580 conscribendorum
575 549 581 578 ι
596 523 674 598 cujus
688 527 779 600 figuris
787 528 837 580 hoc
853 526 981 600 imprimis
994 525 1052 580 loco
1065 525 1186 600 egregius
1195 537 1253 578 erat
1262 543 1339 588 usus,
1452 530 1454 564 l

312 615 346 667 ob
356 615 494 668 recitatum
507 615 539 666 alr
556 614 704 668 adversario
720 628 906 672 testamentum
918 636 925 666 ι
936 614 1007 668 conl.
1022 613 1140 668 Turneb.
1155 613 1226 666 adh.
1236 613 1257 667 l.
1272 612 1341 684 Quis

311 697 359 750 ille
371 695 458 753 Gallio
467 699 557 763 fuerit,
568 711 733 770 assequatur,
750 699 796 771 qui
812 699 919 771 poterit,
933 717 965 752 ex
976 697 1085 752 Schotto
1098 699 1136 750 De
1146 697 1225 750 claris
1239 715 1284 770 ap.
1293 696 1341 751 se-

312 799 403 835 necam
420 781 547 836 rhetorib.
564 801 591 854 p.
611 785 651 846 ld,
670 782 711 846 16,
731 792 758 835 et
773 785 923 836 liurmanno
936 783 969 834 ad
978 783 1072 851 Quint.
1088 781 1107 834 Ι,
1123 801 1147 834 c.
1163 791 1191 834 et
1206 777 1240 832 ad
1254 781 1303 844 lll,
1318 785 1341 844 l,

311 888 339 939 p.
358 869 419 922 218.
435 867 568 921 Titurieck.

150 973 220 1048 216
288 996 318 1056 o.
344 995 416 1056 Alia
443 1013 538 1058 causa
559 995 657 1058 nonio
682 993 819 1057 euentu
844 998 890 1057 n.
914 994 1076 1067 scaurum,
1105 992 1261 1054 trunsum
1285 1013 1344 1075 per

243 1106 375 1156 matrem
387 1095 519 1160 Muciam
535 1098 619 1161 Sexti
633 1097 773 1182 Pompeii
784 1096 929 1169 fratrem,
948 1095 1023 1177 (vid.
1040 1093 1111 1155 Dio.
1129 1093 1215 1157 Cass.
1233 1094 1282 1168 Ll,
1300 1095 1340 1178 2),

243 1191 340 1256 filium
353 1195 396 1257 tt.
419 1192 536 1258 AEmilii
555 1198 676 1271 Scauri,
702 1197 752 1259 cui
766 1192 877 1258 Cicero
892 1193 1104 1276 patrocinatus
1117 1206 1174 1269 est,
1198 1205 1344 1274 nepotem

243 1291 327 1357 iltius
335 1293 458 1365 Scauri,
475 1295 527 1374 qni
539 1295 685 1375 princeps
700 1306 824 1354 senatus
841 1293 909 1356 luit.
926 1292 1055 1356 Secutus
1065 1303 1135 1352 erat
1147 1291 1199 1353 hic
1207 1289 1343 1352 &surus

244 1401 349 1470 partes
367 1390 455 1453 Sexti
469 1391 617 1472 Pompeii,
639 1409 731 1470 aquo
749 1402 855 1471 postea
870 1389 909 1449 ad
924 1390 1093 1452 Antonium
1111 1387 1277 1468 transfugit
1298 1388 1341 1470 (v.

245 1491 468 1574 Appianssell.
485 1492 546 1553 cir.
564 1495 599 1568 V,
620 1491 701 1574 142).
715 1491 792 1553 Inde
808 1491 841 1552 in
857 1491 986 1554 Antonii
1003 1487 1342 1572 amicitiamreceptua,

245 1591 285 1655 ab
303 1594 439 1672 Augusto
455 1606 524 1676 post
542 1592 685 1676 proeliur'n
708 1587 872 1657 Actiacum
892 1593 1026 1676 primum
1051 1589 1121 1656 neci
1145 1592 1342 1666 destinatur,

247 1689 319 1750 dein
335 1701 464 1770 propter
482 1702 614 1751 matrem
625 1686 762 1752 Muciam
775 1688 873 1752 vitam
885 1690 1017 1754 obtinet.
1040 1689 1100 1755 Dio
1126 1689 1150 1750 l.
1167 1689 1190 1750 1.
1207 1701 1240 1750 et
1258 1689 1342 1764 Lvt,

247 1787 299 1850 38.
325 1791 402 1850 Eum
422 1788 547 1852 Asinius
570 1811 658 1852 reum
679 1792 832 1874 praecipue
853 1792 1079 1854 commendavit
1098 1810 1117 1850 a
1139 1787 1261 1854 meritis
1280 1808 1344 1850 ma·

243 1906 359 1972 porum.

287 1985 421 2070 Quintil.
447 1989 500 2059 vt,
530 1988 559 2063 l,
588 1989 654 2049 21:
680 1986 917 2050 Periclitantem
936 1988 1131 2051 commendat
1152 1986 1287 2068 dignitas
1314 1998 1347 2047 et

246 2081 347 2144 studia
360 2085 464 2157 fortia,
481 2096 513 2146 et
529 2099 675 2170 susceptae
688 2085 771 2148 hello
791 2083 967 2164 cicatrices,
984 2100 1016 2150 et
1025 2085 1171 2149 nobilitas
1185 2099 1218 2148 et
1234 2084 1347 2146 merita

247 2181 410 2262 majorum,
428 2185 506 2258 Hoc,
523 2187 603 2264 quod
621 2185 762 2266 proxime
778 2185 852 2261 dixi,
868 2187 979 2256 Cicero
996 2202 1089 2268 atque
1103 2183 1231 2254 asinius
1244 2199 1346 2248 certa·

249 2279 302 2340 tim
317 2294 390 2342 sunt
403 2281 460 2354 usi,
475 2300 533 2361 pro
542 2282 660 2349 Scauro
673 2295 761 2368 patre
775 2280 840 2356 hic,
853 2285 906 2346 ille
921 2306 978 2368 pro
993 2285 1068 2348 filio.

289 2379 337 2441 Ex
351 2377 502 2443 Pollionis
513 2402 572 2461 pro
581 2381 700 2444 Scauro
714 2381 855 2449 oratione
866 2386 1020 2450 sententia
1035 2385 1170 2469 quedam
1181 2383 1315 2446 allertnr
1329 2405 1349 2446 a

248 2477 441 2560 Quintiliano
455 2477 512 2554 IX,
531 2479 563 2552 2,
580 2480 621 2542 24
641 2501 649 2540 ε
665 2479 764 2542 Pollio
782 2503 790 2540 t
812 2482 968 2567 Nunquam
974 2485 1054 2564 fore
1068 2482 1192 2556 credidi,
1202 2477 1347 2564 judicer,

249 2593 279 2636 ut
292 2598 346 2638 reo
362 2579 491 2654 Scauro,
515 2600 553 2638 ne
566 2582 639 2664 quid
651 2585 683 2638 in
697 2575 765 2663 epus
774 2578 896 2662 judicio
918 2588 1017 2661 grauia
1039 2584 1166 2654 voleret,
1187 2600 1346 2660 precarer.

293 2676 344 2739 to.
368 2679 524 2743 Adversus
542 2679 580 2740 L.
599 2679 771 2743 Munium
783 2678 946 2756 lercum,
971 2681 1135 2766 Ciceronis
1156 2681 1291 2744 amioum
1311 2700 1349 2742 ac

249 2772 443 2853 discipulum,
459 2774 513 2855 qui
525 2774 603 2836 Dec.
615 2777 746 2838 Brutum
763 2777 902 2840 Antonio
922 2777 1072 2859 prodidit,
1089 2799 1127 2840 ac
1141 2778 1212 2839 dein
1227 2777 1261 2838 in
1274 2775 1351 2839 belli

250 2871 380 2933 Asiatici
399 2885 552 2954 apparatu
573 2873 611 2934 ab
634 2874 772 2936 Antonio
793 2876 832 2935 ad
846 2877 1001 2941 Caesarem
1018 2876 1194 2956 transfugit,
1223 2872 1350 2937 Asinius

250 2966 348 3028 Pollio
371 2965 529 3030 orationes
554 2970 689 3050 paravit.
714 2971 761 3036 Ac
787 2973 957 3038 verisimile
979 2984 1039 3046 est,
1054 2970 1227 3038 Pollionem
1249 2969 1350 3034 odisse

249 3064 398 3138 Plancum
414 3068 495 3142 ideo,
511 3069 591 3152 quod
607 3089 704 3150 pravo
719 3072 823 3136 animo
837 3073 914 3136 alias
928 3073 989 3136 alio
1011 3085 1152 3156 tempore
1174 3085 1282 3156 partes
1301 3093 1348 3136 se·

249 3173 338 3224 cutus
356 3175 402 3224 est
423 3166 641 3250 dominumque
661 3167 729 3251 plus
745 3171 839 3234 semel
859 3168 1076 3237 commutarit.
1099 3173 1149 3234 De
1170 3190 1206 3238 eo
1226 3169 1350 3258 copiose

249 3261 315 3343 agit
326 3263 529 3330 Ruhnkenius
543 3272 582 3332 ad
596 3270 707 3334 Vellei.
724 3273 772 3347 11,
791 3272 843 3334 63.
916 3287 920 3295 ’

290 3363 373 3428 Plin.
397 3368 476 3452 Hist.
502 3371 542 3432 N.
558 3371 592 3432 in
606 3373 726 3454 praelat.
745 3386 823 3436 extr.
846 3372 900 3435 lib.
919 3376 955 3436 1:
972 3377 1038 3438 Nec
1054 3375 1188 3438 Plancus
1207 3370 1348 3455 illepide,

250 3482 319 3524 cum
334 3464 501 3539 diceretur,
514 3468 644 3529 Asinius
658 3470 758 3532 Pollio
770 3473 923 3532 orationes
939 3474 972 3538 in
993 3491 1062 3530 eum
1073 3491 1200 3552 parare,
1215 3491 1285 3556 qun²
1311 3468 1351 3528 ab

249 3563 314 3638 ipro
334 3577 386 3622 aut
404 3563 513 3624 liberis
532 3580 602 3644 post
623 3580 751 3626 mortam
776 3567 887 3626 Planci
912 3569 1083 3642 ederentur,
1107 3589 1146 3630 ne
1166 3565 1352 3648 respondere

247 3673 372 3735 posset.-
386 3680 455 3722 cum
466 3661 595 3725 mortuis
608 3655 732 3724 nonnisi
743 3663 846 3725 larvas
860 3663 983 3724 luctari.
1004 3664 1074 3744 Quo
1083 3661 1169 3729 dicto
1178 3665 1224 3728 sic
1238 3684 1350 3748 reper-

250 3756 344 3826 cussit
355 3755 434 3839 illas,
451 3773 485 3822 ut
495 3763 575 3845 apud
585 3761 722 3824 eruditos
737 3759 816 3826 nihil
827 3763 1034 3844 impudentius
1042 3764 1210 3849 judicetur.

659 4013 920 4030 mur-—
