2934 4846
635 397 698 444 Xlll

114 507 221 582 scunt
245 525 282 581 et
303 508 414 584 literae
436 528 600 609 artesque
626 511 884 584 deflorescunt.
914 512 971 582 Sic
993 512 1219 584 mediocritas

112 641 183 713 ista
197 643 493 738 Panegyricorum
511 642 630 716 seculo
644 645 763 740 potius
782 667 886 740 quam
904 642 1085 713 homiuum
1102 641 1214 739 culpae

110 768 226 840 tribui
248 767 368 840 debet.
396 771 486 841 Vitia
503 771 596 842 enim
613 770 884 867 imperatorum,
910 767 1007 840 bella
1030 769 1215 855 continua,

111 893 314 971 invasiones
334 899 579 987 barbarorum,
605 901 819 997 direptiones
841 925 961 972 rerum
984 901 1218 997 privatarum,

109 1025 252 1097 incerta
275 1049 419 1122 prorsus
439 1027 520 1099 vitae
543 1023 699 1096 conditio
724 1023 885 1094 homines
906 1039 981 1096 tum
1008 1026 1042 1095 iu
1061 1025 1220 1097 miserri-

110 1175 211 1222 mum
225 1166 356 1222 statum
370 1151 638 1246 depresserant,
662 1163 698 1219 et
719 1146 828 1218 literae
845 1170 918 1218 non
939 1149 1017 1218 sine
1032 1151 1162 1221 timore
1182 1166 1219 1220 ct

111 1279 293 1348 anxietate
322 1273 391 1347 coli
422 1291 600 1372 poterant.
629 1275 719 1347 Cum
752 1288 868 1345 autem
907 1275 1071 1371 princeps
1102 1276 1218 1347 bonus

110 1430 198 1476 raro
219 1402 264 1475 ad
284 1404 467 1500 imperium
491 1405 704 1500 perveniret,
727 1402 872 1500 plurimi
889 1427 976 1476 vcro
997 1427 1121 1476 eorum
1137 1401 1219 1474 leris

111 1540 235 1599 essent
269 1524 454 1596 similiores
487 1548 591 1622 quam
619 1523 841 1609 hominibus,
876 1547 998 1594 omnes
1027 1521 1134 1612 adeo,
1159 1521 1219 1620 qui

113 1667 254 1725 tantum
268 1676 341 1724 non
354 1651 515 1724 facinora
533 1653 700 1724 continua
714 1651 915 1749 patrabant,
932 1652 1064 1748 populo
1081 1651 1219 1749 accepti

112 1779 258 1850 suerunt
284 1795 320 1851 et
339 1779 425 1850 mire
442 1777 589 1865 laudati,
616 1795 816 1876 tanquama
836 1778 902 1850 diis
928 1779 1040 1861 missi,
1060 1778 1111 1849 uti
1129 1777 1219 1850 leni·

113 1917 199 1972 rent
225 1903 385 1974 miseram
418 1901 622 1974 mortalium
655 1917 800 1973 sortem.
832 1903 952 1994 Quare
990 1903 1219 1998 panegyricos

112 2025 329 2097 Maximiano
351 2024 530 2098 Herculeo
548 2026 664 2098 dictos
680 2023 737 2096 vel
753 2027 964 2098 Constantio
989 2042 1026 2098 et
1046 2026 1219 2098 Constan-

115 2151 193 2223 tino
220 2176 292 2222 non
321 2153 458 2250 ineptas
488 2151 762 2225 declamationes
792 2168 854 2222 aut
886 2152 971 2224 viles
998 2151 1218 2225 adulationes

114 2275 380 2374 appellaverim,
400 2278 464 2350 sed
477 2279 678 2376 gratissimo
693 2279 812 2350 animo
827 2293 934 2380 atque
949 2279 1085 2350 sincere
1100 2278 1221 2374 ingen·

115 2403 301 2478 teslaudes
318 2405 372 2478 his
387 2407 659 2505 imperatoribus
674 2423 756 2480 sunt
774 2407 927 2480 tributae.
947 2407 1087 2479 Eminet
1103 2424 1221 2480 autem

116 2535 211 2605 inter
234 2550 374 2606 ceteros
397 2535 653 2632 Panegyricus
679 2537 825 2634 quintas
860 2535 932 2607 sive
960 2533 1222 2636 Epithalamins

116 2653 345 2725 Martiniano
370 2665 406 2724 et
433 2653 661 2728 constann'no
683 2658 721 2728 in
743 2654 847 2753 bajus
870 2666 906 2725 et
924 2657 1068 2726 Fausta:
1083 2658 1222 2754 nuptiis

117 2775 248 2867 dietus,
271 2792 346 2849 tum
365 2779 535 2848 Eumenii
543 2800 617 2875 pra
638 2773 883 2848 restaurandis
904 2772 1029 2847 scholis
1052 2778 1166 2847 aratra
1185 2791 1221 2848 et
1274 2861 1277 2870 Ι

118 2899 266 2973 Claudii
286 2899 500 2972 Mamertini
523 2901 776 3002 Panegyricus
799 2901 1018 2973 Martiniano
1046 2902 1221 2973 Herculeo

119 3023 248 3096 dectus.
497 3106 504 3119 .

171 3148 263 3234 Sed,
299 3173 344 3220 ne
367 3149 402 3220 in
430 3150 606 3224 infinitum
636 3175 799 3249 campum
824 3155 939 3223 oratio
972 3177 1049 3223 mea
1081 3175 1226 3248 vagare-

121 3288 202 3359 tur,
230 3276 417 3345 termiuum
434 3273 540 3369 hujus
568 3275 651 3347 libri
676 3276 841 3347 constitui
861 3278 907 3368 Q.
929 3273 1049 3346 Aurel.
1069 3275 1223 3372 Symma-

123 3397 242 3487 chum,
260 3398 321 3494 qui
334 3421 355 3468 a
370 3397 495 3489 primo,
514 3424 620 3497 quern
634 3403 809 3487 novimus,
828 3414 970 3470 oratore
985 3397 1067 3496 plus
1080 3422 1224 3470 sexcen-

124 3537 242 3591 torum
268 3543 443 3592 annorum
471 3525 585 3619 spatio
613 3537 809 3620 separatur.
837 3525 943 3608 Nam,
967 3538 1005 3594 ut
1025 3523 1114 3594 duos
1145 3545 1222 3593 aevo

124 3646 215 3714 luter
255 3669 331 3716 sese
363 3647 617 3719 remotissimos
654 3671 887 3743 componam,
928 3647 1060 3744 Appius
1098 3647 1224 3720 Caecus

125 3770 319 3841 orationem
344 3770 387 3841 de
414 3772 551 3869 Pyrrho
581 3797 612 3843 a.
639 3773 684 3844 U.
714 3774 783 3846 lta
810 3771 960 3861 habuit,
985 3775 1031 3865 Q.
1061 3773 1223 3846 Aurelius

126 3893 355 3986 Symmachus
369 3896 527 3968 actiones
545 3920 624 3969 suas
640 3895 783 3994 reliquit
799 3898 899 3968 initio
922 3893 1030 3967 seculi
1046 3897 1224 3968 undecimi

127 4015 232 4087 Urbis
252 4019 386 4108 Romae,
408 4037 537 4117 quarto
553 4040 633 4118 post
651 4021 844 4094 Christum.
872 4021 928 4092 Sic
949 4045 1088 4116 persea
1106 4005 1224 4090 secula
