2904 4838
745 387 813 459 150

235 525 426 606 rogationem
440 525 529 608 liujus
540 525 660 606 legisiu
672 511 864 589 consulatum
877 526 919 588 Μ.
930 517 1016 585 Junii
1028 521 1116 584 Bruti
1129 531 1162 583 et
1171 522 1212 582 Α.
1223 517 1332 580 lllsnlii

235 618 395 701 vulsenis,
415 622 450 686 in
464 645 579 688 annum
593 626 691 707 igitur
705 627 779 698 575,
799 623 897 689 refert
911 620 1011 707 (Epit.
1026 623 1094 684 XLl
1106 621 1128 707 )‚
1146 621 1171 682 si
1186 615 1332 682 Mauritio

235 726 321 789 Kind
331 728 365 789 in
374 727 598 791 Dissertatione
608 729 646 790 de
655 727 866 807 legevoconia
878 745 950 809 pag.
960 728 990 801 5,
1002 724 1077 787 fides
1087 735 1167 786 esset
1175 721 1331 785 habenda.

235 822 362 906 Pighius
373 845 491 908 quoqne
505 828 543 888 ad
557 847 587 888 a.
597 826 657 892 584
669 823 821 890 decennio
834 825 900 890 fere
913 821 1001 908 prius
1013 825 1110 888 latam
1121 823 1200 886 velle
1210 818 1333 883 Livium

234 924 320 988 illam
340 925 459 1006 legem,
484 945 575 1008 quam
594 927 707 991 Cicero
728 926 901 1010 scripserit,
917 921 1006 988 dicit.
1032 921 1115 987 Livii
1128 922 1225 986 verba
1239 933 1331 984 sunt:

237 1027 276 1110 Q·
302 1025 454 1090 Voconius
475 1027 564 1087 Saxa
586 1027 722 1088 tribunus
742 1027 788 1106 pt.
811 1027 912 1108 Iegem
936 1025 1019 1098 tulit,
1042 1046 1082 1085 ne
1102 1028 1171 1110 quis
1191 1021 1335 1081 heredem

234 1121 395 1184 nocuum
409 1127 588 1188 institueret.
610 1125 712 1186 Suasit
728 1125 829 1206 legem
849 1125 898 1186 M.
913 1121 1007 1183 Cato:
1027 1135 1129 1182 exstat
1142 1123 1240 1181 oratio
1252 1116 1333 1201 ejus.

233 1218 294 1281 Sed
303 1215 445 1303 Epitome
460 1219 513 1282 illa
524 1216 607 1283 Livii
621 1235 691 1282 acta
705 1217 921 1302 complectitur
932 1219 1006 1280 inde
1021 1218 1060 1279 ab
1074 1238 1156 1281 anno
1167 1216 1226 1280 stt
1240 1237 1335 1298 usque

233 1319 271 1381 ad
282 1321 355 1396 579,
375 1320 409 1382 in
425 1337 515 1401 quem
530 1337 645 1381 annum
663 1321 745 1381 hanc
764 1321 864 1398 legem
879 1318 991 1393 celero,
1009 1317 1080 1399 quia
1092 1317 1181 1390 Cato,
1198 1313 1334 1403 quinque
1394 1331 1400 1342 ’

234 1432 267 1481 et
282 1421 443 1500 sexaginta
461 1439 558 1481 annos
571 1430 674 1492 natus,
695 1420 794 1497 legem
803 1419 972 1482 Voconiam
989 1417 1118 1479 suasisse
1133 1417 1260 1480 dicitur.
1285 1417 1334 1481 Se·
1373 1465 1375 1470 -

233 1522 368 1583 cundum
384 1514 524 1592 Livium,
545 1529 686 1603 utsupra
702 1519 767 1582 dixi
782 1521 816 1583 in
830 1519 980 1602 prooemio
995 1520 1135 1593 Catonis,
1152 1520 1230 1583 Cato
1245 1533 1336 1582 natus

234 1631 280 1682 est
294 1639 325 1680 a.
337 1618 418 1680 stt:
438 1615 533 1682 suasit
552 1639 627 1699 crgo
646 1620 729 1683 hanc
747 1621 845 1699 legem
859 1621 920 1684 579
933 1642 942 1694 ;
965 1620 1133 1682 secundum
1146 1617 1335 1682 Ciceronem

233 1717 410 1792 resecato,
427 1731 519 1784 natus
533 1720 606 1792 519,
623 1739 681 1802 pro
695 1740 733 1782 ea
745 1714 825 1782 dixit
841 1741 870 1782 a.
883 1718 955 1782 584.
973 1722 1074 1801 Atque
1086 1717 1242 1800 epitomen
1253 1714 1335 1780 Livii

232 1831 321 1900 gesto
334 1815 460 1882 nonnisi
474 1821 600 1885 illorum
615 1841 768 1885 annorum
783 1820 958 1904 complecti,
973 1841 1031 1882 nec
1045 1819 1129 1881 ultra
1144 1839 1260 1880 annum
1273 1822 1334 1884 579

232 1923 415 2002 procedere,
432 1943 471 1984 ex
491 1944 528 1987 eo
548 1943 669 2005 quoque
690 1923 794 2004 colligi
812 1937 923 2006 potest,
941 1924 1022 2005 quod
1035 1921 1118 1983 liber
1133 1922 1216 1982 XLll
1235 1922 1275 1983 ab
1295 1917 1336 1982 iis

232 2016 356 2099 incipit,
367 2037 435 2097 quie
446 2039 529 2082 anno
542 2016 602 2083 580
612 2033 700 2101 gestu
713 2031 797 2082 sunt.

160 2091 203 2167 47
272 2111 393 2177 Gellius
412 2116 512 2190 XVII,
537 2119 578 2180 6:
603 2117 646 2179 Μ.
669 2117 747 2182 Cato
764 2113 936 2179 Voconiam
957 2115 1058 2194 legem
1080 2114 1210 2176 suadens
1230 2113 1335 2176 verbis

232 2210 317 2272 hisce
335 2231 407 2272 ustis
426 2225 472 2274 est
485 2234 493 2272 i
506 2211 664 2292 Principio
683 2213 775 2273 vobis
798 2211 910 2271 mulier
930 2231 1077 2290 magnum
1096 2211 1197 2270 dotem
1218 2211 1333 2288 attulit,

231 2323 294 2368 tum
319 2329 464 2390 magnam
484 2316 647 2389 pecunium
669 2316 795 2390 recipit,
818 2332 911 2397 quom
933 2314 965 2368 i'n
985 2315 1050 2369 virt
1070 2303 1251 2390 potestatem
1275 2332 1336 2370 riori

234 2415 421 2472 committite
445 2431 516 2471 eam
535 2417 700 2490 pecuniam
720 2415 788 2472 vi'ro
811 2425 946 2471 mutuam
965 2411 1037 2491 dat;
1056 2425 1165 2490 postea
1183 2410 1235 2469 ubi
1254 2413 1337 2470 irata

222 2507 317 2585 sacta
326 2521 384 2581 est,
398 2527 518 2570 servum
531 2512 722 2588 receptitium
735 2512 850 2568 sectari
866 2504 1108 2594 atquestngitare
1122 2513 1226 2567 virum
1232 2501 1333 2590 jubet.

268 2637 373 2709 attulit]
383 2642 411 2694 in
421 2641 485 2696 edit.
494 2643 624 2698 Gronorii
633 2643 691 2696 voci
702 2642 758 2697 lnaec
771 2641 905 2694 adnotatio
917 2638 1037 2712 subjecta
1049 2654 1106 2695 set:
1119 2664 1132 2691 u
1144 2639 1251 2694 Attulit
1259 2639 1290 2694 id
1295 2649 1336 2694 est

303 2727 395 2797 affert,
404 2734 436 2780 ut
443 2727 559 2799 explicat
567 2729 701 2799 Sosipater
709 2728 758 2782 lib.
768 2730 783 2781 3
793 2749 801 2780 i
812 2723 926 2791 Sustuli,
936 2729 994 2802 ejus
996 2727 1113 2800 perfecti
1120 2727 1221 2781 instans
1229 2728 1335 2782 sustulo

303 2816 362 2870 est,
380 2818 461 2881 atque
478 2809 596 2865 dicebant
615 2809 720 2884 antiqui
727 2832 734 2862 z
756 2813 879 2883 Magnam
895 2810 983 2865 dotem
1002 2811 1033 2864 ad
1051 2829 1100 2864 nos
1117 2810 1226 2864 attollit.
1248 2812 1334 2864 Cato:

305 2895 427 2966 Magnam
439 2895 528 2949 dotem
540 2895 646 2959 attulit,
665 2895 737 2966 qued
749 2893 878 2968 geminum
892 2904 943 2950 est.
962 2899 1055 2949 Ditem
1071 2894 1164 2951 attulit
1178 2903 1219 2949 est
1236 2896 1333 2967 adfert.

304 2980 397 3031 Dotem
406 2978 501 3031 attulit
509 2986 536 3031 et
545 2979 629 3030 dotem
637 2977 747 3030 attollit.
760 3001 773 3028 i
784 2979 931 3032 Notandum
941 2993 992 3045 est,
1004 2980 1155 3034 Charisium
1165 2980 1196 3032 in
1212 2979 1335 3034 Putschii

304 3059 368 3112 edit.
385 3080 413 3134 p.
431 3062 482 3114 tto
495 3060 573 3134 louge
586 3061 687 3123 abesse,
707 3074 738 3115 ut
754 3074 794 3115 tot
811 3061 892 3114 verba
908 3063 1060 3116 contineat:
1076 3062 1190 3136 legimus
1206 3063 1278 3116 enirn
1296 3064 1335 3116 ihi

303 3143 374 3196 nihil
388 3145 502 3216 amplius
515 3164 610 3216 quami
623 3169 636 3196 a
647 3145 721 3206 tollo,
734 3145 815 3206 tollis,
829 3146 891 3208 tuli,
905 3147 976 3218 quod
990 3147 1018 3199 in
1031 3146 1226 3201 consuetudine
1238 3147 1339 3200 sustuli

305 3225 384 3280 facit:
399 3223 459 3300 ejus
471 3240 559 3281 tamen
572 3227 683 3300 perfecti
699 3229 801 3284 instans
815 3230 886 3301 apud
899 3243 1000 3283 veteres
1016 3231 1130 3283 sustulo.
1143 3253 1155 3279 u
1166 3261 1199 3270 -
1219 3229 1335 3300 Reliqua

304 3309 367 3387 eigo
380 3314 519 3388 interpreti
536 3315 676 3379 debentur,
693 3318 740 3388 qui
753 3319 864 3390 probare
877 3317 981 3384 studet,
999 3315 1094 3370 attulit
1112 3318 1141 3370 in
1153 3317 1261 3370 Catonis
1276 3316 1334 3371 loco

303 3417 363 3452 esse
374 3417 490 3470 pimsens
502 3412 606 3473 tempus
614 3420 662 3472 pro
670 3401 767 3469 adfirt,
775 3421 830 3455 non
838 3402 999 3474 perlectum
1014 3419 1063 3454 nec
1076 3400 1201 3472 displicet
1213 3417 1244 3454 ea
1255 3401 1333 3463 ratio,

303 3484 366 3555 quia
378 3483 407 3535 in
421 3482 531 3554 reliquis
544 3485 631 3537 verbis
644 3483 714 3537 idern
722 3503 839 3558 presens
852 3498 893 3538 est
906 3503 1070 3558 expressum.
1087 3483 1334 3556 [lmmoperfectum

304 3565 348 3619 liic
362 3585 411 3620 sua
431 3567 623 3639 significatione
644 3586 723 3640 quam
739 3568 850 3621 maxime
871 3568 971 3620 dictum
990 3573 1054 3635 est]
1080 3567 1278 3621 Freinshemius
1304 3569 1333 3621 in

188 3657 194 3670 ¹
305 3651 495 3725 Supplsinento
513 3653 582 3707 Livii
600 3653 648 3707 lib.
664 3655 726 3708 XLI
743 3653 816 3708 hunc
833 3653 922 3706 locum
939 3654 976 3706 sic
993 3653 1186 3726 interpretatus
1202 3667 1262 3707 est:
1277 3677 1291 3704 s
1302 3657 1334 3708 ln

302 3733 426 3808 suasione
438 3735 505 3810 legis
513 3737 638 3790 Voconiae
646 3737 710 3790 hinc
719 3755 824 3808 quoque
832 3736 921 3807 arguit
929 3734 1041 3788 divitum
1050 3749 1228 3790 matronarum
1237 3736 1333 3789 fastum

303 3829 332 3870 et
343 3819 527 3892 arrogantiam,
538 3819 609 3892 quod
618 3819 681 3878 illa,
694 3837 788 3892 magua
801 3837 868 3890 sepe
879 3817 938 3870 dote
950 3816 1043 3870 marito
1054 3820 1149 3880 allate,
1158 3837 1277 3892 magicam
1289 3819 1337 3871 siti·

297 3904 434 3975 pecuniam
446 3907 587 3980 reciperent
600 3926 631 3959 ae
642 3903 794 3966 retinerent,
806 3921 913 3974 eantque
919 3903 1056 3977 pecuniam
1074 3906 1113 3960 ita
1121 3914 1215 3977 postea
1226 3904 1280 3958 oi'ro
1291 3926 1333 3958 ro-

302 3993 383 4065 ganti
389 4003 505 4048 mutatam
517 3996 621 4053 darent,
635 3992 792 4061 acquosus
805 3991 880 4044 ι’ναίω
893 4000 988 4057 essent,
1008 3993 1100 4047 statim
1108 4013 1158 4064 per
1170 3993 1333 4064 recepticium

302 4095 402 4130 serouni
414 4081 597 4130 consectariteni
608 4081 636 4126 et
648 4072 935 4145 quotilieflagi'tautem
946 4076 1108 4135 solutmriem,
1120 4074 1253 4135 weluen,
1265 4082 1335 4128 taei-

302 4176 380 4228 quant
392 4158 526 4218 debitorem
538 4162 702 4218 extraneum,
712 4153 855 4226 importune
868 4165 1020 4231 cogerent.»
1058 4201 1059 4212 ,
