2916 4838
238 465 279 518 ααί
289 463 344 536 περὶ
356 466 417 533 αὐτῇ
432 465 549 536 τρίπολιν,
564 462 737 536 Καρχηδονίων
751 465 916 531 ίνοχλοίνντυν·
933 461 974 514 καί
987 465 1039 515 τότε
1052 460 1079 515 δί
1089 461 1218 534 tolenno
1229 463 1342 514 ίαοῦσαι·

236 563 278 616 καί
293 565 335 616 οὐκ
347 562 396 614 tet
411 567 455 636 γνῖς
469 562 485 620 ἢ
498 563 592 634 χωρίων
603 562 619 620 ᾗ
631 562 726 634 προυιδς
740 561 756 620 it
772 561 862 632 οἰκιῶν,
878 556 909 614 ὗν
919 558 996 632 ’χωρίς
1006 559 1108 624 ἀβίωτόν
1121 562 1181 613 loro
1197 561 1339 630 ίλτυδίραις,

235 662 289 714 ἀλλ’
303 661 352 712 ἀπὸ
365 660 442 731 μόνων
456 666 503 712 τῶν
518 660 578 712 οίαοι
592 663 685 730 κόσμων
703 657 759 710 οὺδί
777 661 865 711 τούτων
880 659 1030 730 τιμωμένων,
1051 654 1134 710 οὺδί“
1125 657 1172 708 υπὸ
1191 661 1341 728 μηνυταῖς
1324 663 1341 713 τὶ

236 764 387 838 κατηγόροις,
400 761 456 816 ottt
476 765 535 835 πρὸς
550 763 688 837 diripienti
707 763 772 830 βίαν,
797 760 853 816 ἀλλ’
871 764 922 816 ὅσον
941 762 1105 828 ίβοίολοντο’
1078 761 1160 817 αυταί.
1180 757 1263 822 Τίς
1237 781 1278 814 ουν
1296 762 1338 814 καὶ

236 870 274 915 νῦν
289 862 349 915 ν’στίν
360 863 415 934 ὑμῖν
427 861 482 934 πορί
494 868 535 922 τῆς
544 861 643 934 ἀρχῆςῆ
656 859 711 934 περὶ
719 867 761 920 τῆς
774 857 891 938 πατρίδος
900 861 988 930 polion
1001 842 1071 912 'Iro
1068 841 1143 911 τοίνυν
1155 864 1170 914 ὴ
1163 860 1279 911 ΙΚελτῶν
1289 862 1334 912 πό-

231 970 300 1031 λνμος
313 981 330 1012 η
317 959 494 1032 Παρθυαίων,
503 957 546 1012 καί
555 961 582 1012 οὐ
596 959 688 1031 χοίρους
698 960 720 1034 ρ“ς
734 957 851 1031 σωτηρίαν
861 959 1017 1028 ίυδμνδατῶν
1028 957 1102 1046 μητίρ
1090 976 1146 1027 ρων.
1162 953 1219 1028 Ἐς
1210 953 1248 1009 δὲ
1263 959 1337 1028 ἐμφυ-

230 1052 292 1117 λίους
307 1059 427 1129 πολέμους
442 1055 502 1128 μήτε
517 1057 682 1130 ίοονίηααιμίν
705 1074 773 1120 ποτε,
790 1073 852 1126 μητο
870 1044 1080 1126 συμπροίξαιμον
1071 1054 1125 1125 υμῖν
1139 1051 1196 1105 κατ’
1215 1053 1335 1111 ἀλλήλων.

231 1153 340 1210 Οὐδὲ
312 1177 360 1230 γαρ
379 1155 418 1207 ἐπί
435 1155 582 1227 Καίσαροςῆ
599 1154 725 1226 Πομπηΐου
738 1155 902 1226 ουννρίρομον,
920 1150 976 1205 οὐδὲ
991 1152 1111 1226 Μοίριος
1098 1157 1171 1223 ημᾶς,
1185 1149 1242 1204 οὐδὲ
1252 1153 1338 1213 Κίννας

229 1255 384 1328 ἠνάγκασεν,
403 1251 459 1305 οὐδί
478 1254 567 1312 Σύλλας
581 1255 593 1304 ὁ
606 1251 750 1323 τυραννήσας
765 1256 806 1311 τῆς
817 1246 943 1322 πατρίδος·
963 1252 1027 1322 ὑμεῖς
1042 1248 1069 1304 δὲ
1089 1253 1149 1322 puri
1164 1250 1207 1303 καί
1220 1252 1338 1304 καθίστα-

228 1357 281 1406 αδαι
295 1351 481 1410 τὴνπολιτείαν,
494 1373 507 1400 υ

132 1571 202 1643 174
472 1567 549 1640 Lx.
578 1569 721 1640 Servius
746 1563 922 1665 Sulpicius
948 1566 1078 1642 Rufus.

530 1685 532 1690 ’
582 1687 763 1814 [Ellendt.
778 1715 819 1787 p.
840 1686 985 1787 tutu]

266 1927 380 1992 Consul
391 1925 491 1986 luna
510 1928 549 1992 U
571 1923 643 1985 702
663 1921 908 2008 Philippicarum
922 1921 1085 1988 Ciceronis
1100 1946 1182 1988 nona
1193 1927 1328 1990 laudatio

224 2039 269 2089 est
284 2023 493 2110 pulcherrima
502 2021 638 2104 hujus
610 2021 683 2083 vrri.

264 2125 332 2187 Cio.
355 2125 442 2185 Brut.
460 2143 489 2183 c.
507 2122 561 2192 tt,
580 2121 652 2196 151,
671 2119 845 2184 υ1121)ε
866 2122 977 2186 Servio
1000 2121 1099 2186 dicam
1118 2124 1323 2204 quodsentio

222 2230 292 2290 Non
323 2223 406 2287 enim
431 2222 521 2284 facile
546 2203 636 2304 quem
655 2221 786 2284 dixerim
814 2221 882 2304 plus
904 2223 997 2285 studii
1019 2219 1110 2316 quani
1133 2221 1219 2287 illum
1234 2239 1266 2287 et
1286 2227 1325 2296 ad

220 2321 397 2384 discendum
413 2333 445 2380 et
460 2317 608 2381 adomnes
622 2317 775 2382 bonarum
789 2318 904 2380 artium
913 2305 1092 2402 disciplinas
1105 2321 1322 2384 adhibuisse...

221 2422 299 2484 Na'm
312 2433 344 2482 et
358 2419 391 2480 in
406 2415 516 2480 iisdem
526 2414 803 2480 exercitationibus
813 2417 938 2482 ineunte
953 2431 1044 2481 aetate
1058 2419 1179 2494 luimus,
1194 2431 1226 2481 et
1238 2434 1322 2501 post-

221 2531 288 2581 stoa
300 2537 361 2579 una
373 2517 516 2580 Rhodum
530 2515 583 2576 ille
603 2515 697 2576 etiam
718 2513 872 2597 proiectus
891 2529 948 2591 est,
976 2537 1036 2596 quo
1061 2515 1171 2578 melior
1191 2529 1272 2579 esset
1292 2529 1324 2593 et

222 2616 352 2690 doctior,
372 2627 416 2686 et,
432 2614 507 2675 inde
528 2625 562 2673 ut
581 2611 684 2688 rediit,
701 2611 825 2673 videtur
842 2608 918 2672 mihi
930 2613 962 2674 in
978 2612 1113 2674 secunda
1125 2627 1193 2675 arte
1207 2613 1324 2696 primus

221 2735 288 2778 esse
302 2712 454 2788 maluisse,
468 2731 560 2791 quam
572 2712 606 2772 in
620 2710 722 2791 prima
735 2710 897 2771 secundus.
916 2713 1017 2792 Atque
1031 2711 1114 2773 haud
1127 2709 1193 2774 scio
1212 2733 1252 2774 an
1266 2733 1322 2794 par

220 2813 413 2900 principibus
429 2833 495 2875 esse
509 2811 678 2892 potuissct3
694 2813 748 2872 sed
761 2810 890 2873 fortasse
909 2812 1027 2887 maluit,
1049 2813 1082 2875 id
1095 2815 1177 2896 quod
1192 2826 1243 2874 est¹
1252 2816 1324 2877 adea

220 2933 300 3002 ptus,
317 2917 409 2994 longe
422 2913 560 2977 omnium
576 2933 640 2975 non
649 2911 787 2995 ejusdem
797 2912 1007 2988 nodositatis,
1023 2915 1077 2976 sed
1090 2936 1198 2978 eorum
1212 2915 1318 2990 etiam,

217 3017 273 3098 'qui
291 3014 430 3086 luissent,
446 3007 560 3090 injure
581 3010 667 3072 civili
678 3031 744 3074 esse
754 3005 955 3094 princeps...
976 3009 1126 3094 Adiunxit
1136 3013 1231 3098 etiam
1245 3029 1277 3077 et
1287 3016 1321 3078 li·

221 3128 358 3178 terarum
371 3110 532 3174 scientiam
551 3123 583 3172 et
599 3107 745 3194 loquendi
755 3109 953 3190 elegantiam,
970 3132 1036 3194 quae
1049 3134 1088 3181 ex
1105 3113 1230 3198 scriptis
1243 3114 1321 3198 ejus

220 3231 348 3294 quorum
361 3205 473 3278 similia
488 3205 573 3270 nulla
587 3220 670 3282 sunt,
684 3208 832 3271 facillime
848 3209 984 3289 perspici
997 3221 1108 3292 potest.
1125 3237 1139 3268 η

263 3311 435 3393 Supersunt
459 3306 558 3370 adhuc
581 3303 751 3386 fragmenta
770 3304 922 3368 librorum
943 3307 1071 3392 Sulpicii
1090 3308 1156 3370 de
1145 3329 1217 3392 pure
1235 3308 1321 3373 civili

220 3407 350 3488 apudA.
364 3402 498 3466 Gellium
512 3401 648 3484 aliosque
662 3413 824 3465 auctores.
840 3402 964 3482 reliquit
983 3405 1175 3488 enimprope
1195 3421 1320 3470 centum

122 3571 126 3580 ,
221 3520 252 3570 et
265 3507 423 3586 octoginta
432 3505 539 3580 libros,
562 3515 596 3566 ut
609 3500 798 3588 Pomponius
810 3505 858 3566 De
868 3501 948 3584 orig.
962 3504 1026 3587 jur.
1042 3508 1162 3590 Digest.
1179 3511 1207 3585 1,
1220 3510 1252 3582 2,
1263 3509 1320 3592 43,

220 3603 339 3666 scribit.
369 3674 376 3693 ι

262 3701 395 3785 Quintil.
409 3698 449 3776 X,
469 3701 497 3774 1,
516 3699 576 3764 116
591 3693 901 3782 :ServiusSulpicitis
914 3697 1067 3781 insignem
1083 3723 1146 3768 nou
1162 3696 1318 3768 immerito

220 3805 331 3864 lamam
345 3799 441 3860 nibus
452 3797 634 3862 orationibus
648 3797 774 3858 meruit.

254 3979 335 4034 trt'bus
347 3975 518 4042 oratmndus]
538 3973 598 4028 dute
617 3985 720 4028 tantum
738 3993 822 4029 causta
836 3977 921 4032 Servii
932 3991 1001 4033 notae
1014 3963 1100 4033 adbuc
1114 3993 1190 4047 sunt,
1209 3980 1241 4035 de
1257 3984 1317 4054 qui·

289 4063 340 4116 bus
353 4060 483 4112 orationes
504 4058 638 4112 exstitisse
654 4055 789 4122 videntur,
805 4077 858 4112 una
874 4079 922 4172 pro
936 4061 1053 4128 Aufidia,
1072 4061 1157 4116 alteru
1175 4067 1316 4120 control«

290 4151 434 4202 Murenam
502 4165 503 4168 ¹
