2904 4840
789 339 835 415 86

267 475 382 540 Omnes
401 474 495 539 etiarn
513 489 663 554 auctores,
684 487 799 558 preter
818 479 936 558 sprum
957 476 991 538 in
1009 474 1092 538 Disl.
1108 475 1146 536 de
1159 485 1253 542 orett.
1269 471 1292 533 l.
1310 495 1356 548 c.,

269 572 322 654 qui
335 572 469 638 Galbam
488 587 521 636 et
537 572 723 647 Carbonem,
745 571 931 654 antiquitate
948 573 1102 645 horridos,
1124 567 1155 632 ci
1176 567 1359 632 imitationis

267 674 405 756 exempla
422 673 513 736 luisse
532 670 626 747 dicit,
644 675 749 736 melius
763 675 801 736 dc
811 673 907 737 Calvo
919 672 1108 745 existimant,
1126 691 1218 754 qnam
1232 667 1356 734 Cicero.

268 772 386 836 Plinius
398 771 476 851 Epp.
487 772 513 844 l,
526 769 559 845 2,
576 790 613 832 ea
626 782 822 834 consecutum
843 771 931 844 dicit,
949 790 1016 850 quse
1036 769 1139 851 pauci,
1163 787 1237 850 quos
1257 788 1360 850 mquus

268 868 421 932 amaverit
432 866 566 949 Jupiter.
590 867 711 930 Seneca
725 869 748 930 l·
768 890 796 934 c.
817 881 850 930 ct
862 867 1071 950 Quintilianus
1081 867 1137 941 Xl,
1157 865 1358 941 3,133,tum

270 964 400 1028 annonis
422 965 498 1040 rim,
516 982 576 1046 qna
603 963 748 1028 subsellia
759 967 908 1029 excedere
922 964 1039 1046 impetu
1053 964 1152 1027 clatus
1164 976 1195 1026 et
1209 983 1305 1043 usqne
1320 965 1358 1026 ad

266 1063 461 1126 adversarios
476 1075 691 1128 transcurrere
707 1063 842 1139 solebat,
855 1077 921 1128 turn
934 1063 1184 1147 compositionem
1198 1063 1239 1124 ad
1249 1063 1360 1125 Demo·

269 1163 388 1229 sthenis
399 1163 571 1246 exemplum
584 1184 723 1228 severam
743 1179 775 1227 et
795 1166 925 1245 rigidam
943 1178 975 1228 et
989 1164 1175 1229 concitatam
1188 1162 1359 1236 extollunt3

267 1278 301 1327 ut
310 1277 420 1330 contra
428 1265 559 1330 senserit
566 1284 603 1325 ac
611 1264 732 1338 Cicero,
744 1262 795 1344 qui
803 1277 887 1334 auson
898 1266 1186 1349 comprehensiones
1193 1265 1360 1328 verborum

268 1361 453 1436 immiscens,
469 1357 577 1422 similis
589 1359 648 1422 fnit
661 1361 794 1442 antiquis
807 1362 919 1426 Crasso
934 1374 966 1423 et
980 1360 1130 1436 Antonio,
1148 1363 1296 1443 pleraque
1315 1360 1360 1422 sic

269 1455 463 1520 membratim
478 1452 652 1518 dicentibus
667 1455 745 1540 (Cic.
759 1459 851 1520 Orat.
865 1479 893 1522 c.
909 1456 971 1541 55).
993 1453 1156 1520 Ciceronis
1168 1459 1263 1536 igitur
1276 1477 1360 1520 com-

269 1550 457 1635 positionem
467 1550 695 1633 reprehendere
709 1553 821 1618 Calvus
840 1555 946 1618 solitus
964 1565 1026 1628 est,
1050 1566 1082 1615 et
1100 1552 1199 1615 literis
1213 1555 1310 1616 etiam
1325 1557 1363 1615 ad

269 1655 367 1733 ipsum
382 1653 471 1716 datis·
489 1653 529 1715 V.
542 1647 677 1734 Quintil.
688 1653 758 1729 Χ11,
775 1653 805 1730 l,
826 1653 883 1728 22;
905 1654 944 1725 X,
966 1652 1000 1726 i,
1021 1653 1050 1712 1.
1073 1649 1238 1716 Orationes
1258 1664 1362 1712 autem

269 1769 374 1814 omnes
394 1761 426 1814 et
446 1749 595 1826 carmina,
617 1763 653 1812 ut
671 1750 792 1813 Senem
805 1751 881 1813 dicit
893 1750 915 1812 l.
931 1769 974 1821 c.,
997 1747 1131 1826 ingentis
1150 1742 1246 1808 animi
1266 1748 1362 1830 plena

269 1859 373 1910 erant.
388 1848 596 1931 Quintilianus
608 1849 647 1924 Χ,
662 1847 692 1919 1,
706 1849 776 1926 115,
792 1848 865 1912 coll.
878 1849 909 1923 3,
922 1847 978 1922 10;
990 1845 1021 1918 4,
1037 1847 1073 1924 3,
1089 1846 1121 1922 t,
1135 1843 1187 1920 11,
1204 1857 1237 1905 ct
1250 1857 1360 1906 auctor

271 1947 354 2008 Dial.
369 1948 408 2009 de
421 1958 515 2010 oratt.
528 1969 557 2011 c.
572 1948 611 2014 25
629 1945 661 2013 in
680 1947 739 2010 boc
754 1947 875 2029 quidem
894 1967 965 2010 cum
980 1945 1097 2027 judicio
1112 1939 1273 2006 Ciceronis
1287 1962 1360 2006 con·

270 2037 395 2122 gruunt,
413 2047 494 2124 quod
510 2045 590 2108 alter
604 2047 724 2127 singula
737 2046 834 2110 verba
848 2045 940 2108 nimis
955 2039 1187 2117 calumniatum,
1199 2042 1280 2102 alter
1291 2060 1360 2102 curn

270 2146 351 2208 bene
365 2146 471 2221 sciret,
490 2147 563 2227 quid
576 2162 657 2212 esset
672 2161 804 2222 rectum,
821 2167 884 2210 non
898 2159 961 2208 tam
974 2146 1132 2208 voluntate
1147 2163 1238 2225 qnam
1248 2141 1361 2205 virium

270 2245 374 2327 inopia
385 2246 547 2327 deliquisse
556 2247 648 2322 dicit3
660 2249 740 2310 unde
754 2248 867 2310 factum
881 2246 932 2319 sit,
945 2258 979 2307 ut
993 2265 1065 2307 raro
1081 2255 1265 2323 assurgeret,
1278 2262 1360 2304 earn·

272 2366 330 2426 qne
344 2346 586 2424 vehementiam,
602 2369 662 2430 qna
679 2345 843 2430 plurimum
862 2346 957 2428 pollet
975 2344 1089 2420 oratio,
1107 2354 1357 2422 consequeretur.

271 2446 427 2510 Nonnulla
441 2457 556 2519 tamen,
577 2447 611 2510 in
631 2445 739 2530 primis
752 2446 785 2507 in
795 2443 971 2509 Vatinianis
983 2439 1187 2518 orationibus,
1207 2441 1300 2502 etiarn
1321 2440 1360 2501 ab

270 2542 330 2604 han
350 2554 442 2625 parte
458 2544 582 2623 egregia
602 2543 737 2606 fuerunt.
764 2543 908 2622 Argutias
929 2539 963 2603 in
985 2560 1021 2603 eo
1041 2541 1181 2621 agnoscit
1194 2536 1361 2620 Appuleius

271 2641 400 2723 Apolog.
421 2659 454 2722 p.
477 2642 533 2704 551
559 2643 607 2703 ed.
629 2641 768 2704 Elmcnh.
782 2641 832 2723 (p.
855 2644 894 2705 99
915 2641 963 2701 ed.
987 2638 1066 2722 Bip.)
1092 2635 1311 2721 Antiquarium
1326 2634 1358 2698 in

271 2738 427 2804 nonnullis
439 2741 529 2804 luisse
542 2741 752 2824 Quintilianus
770 2741 898 2804 tradidit
915 2743 948 2815 1,
961 2743 992 2812 6,
1005 2740 1062 2815 12,
1086 2751 1195 2802 eontra
1213 2739 1357 2800 sanetum

271 2849 334 2896 tem
348 2838 429 2900 idem
441 2839 482 2913 Χ,
496 2838 526 2913 1,
541 2838 616 2912 115,
633 2839 706 2914 XII,
720 2839 770 2915 10,
785 2839 834 2916 12,
851 2851 884 2902 ct
892 2838 1043 2921 judicium
1056 2837 1096 2910 X,
1109 2835 1141 2907 2,
1154 2838 1207 2911 25,
1219 2837 1359 2899 laudibus

271 2933 343 2996 lert.
1384 2965 1387 2972 ·

288 3097 290 3104 ,
315 3036 403 3098 Inter
416 3045 522 3116 poetas
534 3034 756 3104 obtrectatores
768 3056 831 3099 non
847 3035 977 3098 invenit.
993 3033 1150 3118 Quidquid
1164 3035 1202 3098 de
1215 3033 1280 3117 ejus
1293 3054 1360 3097 car·

272 3131 415 3208 minibus,
430 3132 556 3198 ludicris
574 3134 659 3211 licet,
680 3155 780 3216 neque
794 3152 913 3214 magnae
927 3133 1026 3211 lamae,
1043 3146 1243 3197 memoratum
1254 3135 1355 3212 legas,

272 3227 369 3292 laudis
382 3231 474 3313 plena
487 3233 591 3298 omnia
605 3249 686 3296 sunt.
705 3236 784 3300 Vide
796 3233 946 3296 Senecam
962 3234 985 3296 1.
999 3254 1048 3308 6.,
1066 3235 1104 3296 Α.
1121 3233 1206 3297 Gell.
1221 3231 1305 3307 Χ1Χ,
1324 3236 1358 3307 9,

270 3327 364 3392 ovid.
380 3330 485 3394 Amor·
501 3331 555 3407 111,
574 3333 611 3406 9,
628 3331 696 3398 Cic.
709 3333 788 3416 Epp.
813 3334 853 3395 ad
866 3329 951 3395 (liar.
966 3333 1038 3405 Vll,
1054 3329 1111 3404 24;
1136 3329 1218 3392 Plin.
1235 3331 1314 3411 Epp.
1330 3331 1358 3403 1,

276 3426 327 3488 to.
342 3426 454 3492 Cicero
474 3429 685 3511 Hipponactsa
699 3430 848 3508 carmina,
868 3430 1047 3514 Propertius
1063 3428 1113 3501 ll,
1135 3427 1188 3502 25,
1211 3428 1360 3492 amatoria

273 3525 396 3602 laudat,
420 3544 489 3605 quse
505 3526 538 3588 in
557 3528 741 3610 Quintilium
765 3529 891 3592 lecerat.
917 3532 955 3591 ln
985 3525 1086 3592 Plinio
1109 3538 1210 3588 autem
1232 3527 1361 3588 Heusin-

272 3642 368 3701 gerus
386 3622 475 3690 Calvi
496 3645 607 3690 nornen
621 3647 677 3709 pro
691 3628 838 3691 Bibaculo
861 3628 1018 3690 invectum
1039 3627 1160 3708 putarit
1173 3648 1193 3690 s
1206 3627 1358 3692 librariis.

274 3722 334 3782 boc
351 3723 448 3804 magis
460 3736 566 3807 aptum
579 3723 843 3792 existimans-Sed
856 3745 1028 3808 quanquam
1048 3722 1228 3792 Bibaculum
1241 3727 1361 3788 morda-

176 3861 179 3866 -
273 3835 343 3904 cern
359 3838 417 3883 nec
431 3821 499 3884 sins
516 3823 581 3888 sals
596 3823 687 3886 luisse
701 3820 777 3888 satis
790 3833 928 3899 constat,
955 3835 1060 3885 tamen
1080 3821 1195 3907 leporis
1208 3833 1240 3882 et
1253 3821 1362 3900 gratim

274 3941 367 3988 causa
382 3942 491 4012 parum
505 3939 575 4008 apte
585 3905 656 3990 cum
676 3924 795 3990 Catillo
808 3922 1012 4007 componitur.
1029 3927 1108 3990 Nam
1121 3925 1173 3986 hic
1184 3935 1230 3986 est
1243 3935 1276 3985 et
1290 3921 1361 3987 Cal-

275 4039 343 4092 vus,
358 4019 647 4103 etaliipaucissimi,
659 4022 746 4086 circa
758 4041 833 4104 quos
845 4019 1089 4099 omneellloruit,
1103 4019 1183 4102 qnod
1199 4034 1360 4084 venustum

274 4131 308 4180 et
320 4120 500 4195 Gratiarum
508 4120 630 4202 plenum
640 4120 759 4187 Graecis
767 4120 899 4186 Romani
907 4137 1063 4204 opponere
1074 4116 1200 4201 possint.
1213 4114 1266 4184 Sic
1277 4129 1360 4186 certe
