2916 4838
748 345 818 417 262

218 483 314 560 'ouutl
328 479 539 544 centumviros
553 481 628 564 (cte.
644 484 692 544 De
703 503 783 544 orat.
797 484 838 556 ll,
856 481 909 557 23,
929 485 980 558 96)
991 495 1022 544 et
1039 503 1098 560 pro
1109 481 1215 542 Servio
1230 481 1337 544 Noeu'o

231 589 261 640 ut
273 603 365 644 causa
382 584 521 658 Titinict’,
533 585 631 647 Colloe
639 585 745 648 uxoria
757 585 835 664 (Cic.
849 585 938 646 Brut.
952 607 982 647 c.
997 587 1050 660 60,
1068 585 1164 667 212),
1180 591 1336 645 demovit

230 701 306 744 vero
324 683 364 763 (l.
384 683 540 744 Metellum
553 683 716 761 Nepotem,
731 684 887 748 Balearitn
907 682 1003 750 lilium
1019 681 1181 765 (Asconius
1191 683 1225 744 itt
1240 682 1337 746 Orat.

228 782 297 844 cte.
309 803 365 864 pro
374 781 410 846 C.
423 784 568 848 Cornelio
579 799 608 846 c.
623 785 636 844 l
649 789 671 861 ).

477 935 552 1046 nv.
582 977 627 1048 c.
656 977 816 1075 rapum
843 977 959 1050 mtto
986 979 1030 1050 c.
1061 979 1101 1048 r.

267 1179 335 1242 Cic.
354 1183 440 1244 Brut.
460 1203 489 1244 o.
508 1183 560 1255 62,
585 1183 667 1246 2212
685 1184 722 1244 ln
737 1183 844 1246 eodem
859 1202 987 1244 numero
1014 1181 1152 1262 ejusdem
1170 1183 1269 1244 aeutis
1291 1185 1329 1244 C.

224 1279 328 1342 Carbo
340 1283 407 1357 luit,
426 1284 509 1346 illius
523 1284 768 1364 eloquentissimi
784 1284 846 1349 riri
864 1283 958 1360 filius,
981 1303 1043 1346 non
1056 1282 1130 1344 satis
1141 1297 1250 1346 acutus
1263 1303 1334 1349 ora·

223 1393 284 1452 tor,
301 1384 354 1443 setl
367 1394 472 1446 tamen
494 1397 600 1446 orator
617 1395 798 1444 numeratus
808 1395 865 1444 est.
884 1386 960 1444 Erat
974 1379 1007 1444 in
1024 1381 1130 1444 verbis
1142 1384 1284 1462 gravitas
1298 1397 1330 1446 et

223 1477 315 1543 lacile
339 1478 481 1555 dicebat,
511 1477 782 1543 etauctoritatem
808 1481 983 1542 naturalem
1004 1483 1167 1560 quamdam
1192 1481 1330 1542 habebat

224 1582 335 1643 oratio.

258 1717 466 1791 rhqtoentissimt'
482 1719 548 1788 oiri]
567 1719 599 1773 C.
621 1721 716 1792 Papirii
738 1719 877 1781 Carbonis,
902 1719 949 1788 qui
976 1737 1058 1790 supra
1079 1732 1241 1779 recensetur,
1266 1738 1327 1790 pag.

297 1807 347 1860 llo
360 1825 399 1878 eq.

263 1933 331 1998 Cio.
343 1934 500 1998 Oratore.
519 1933 576 1996 63:
593 1935 752 1996 Messanae
766 1932 803 1997 C.
821 1932 935 2008 Carbo,
953 1933 988 1998 C.
1004 1935 1054 2009 F„
1069 1931 1328 2015 tribunusplebis

219 2037 254 2098 in
270 2035 420 2097 concione
433 2032 512 2095 dixit
525 2031 573 2096 his
584 2032 689 2096 verbis
703 2055 710 2093 :
730 2036 758 2092 O
770 2035 879 2098 Marce
895 2031 998 2094 Druso
1009 2034 1022 2094 l
1036 2033 1169 2118 (putrem
1181 2027 1324 2119 olrpello).

224 2131 271 2190 Tu
295 2132 395 2198 dicere
410 2131 541 2202 toleboS,
567 2151 689 2191 socrum
711 2151 780 2191 esse
798 2131 1035 2210 rempublicam.
1055 2133 1242 2216 Quicumque
1255 2151 1330 2190 eom

107 2259 111 2268 Δ
220 2232 397 2300 violassent,
412 2231 452 2289 ab
471 2229 613 2290 omnibus
627 2246 695 2288 osse
715 2233 745 2286 ei
759 2250 870 2308 poenos
887 2229 1070 2308 persolutus.
1091 2229 1195 2290 Patris
1212 2231 1326 2290 dictum

220 2337 343 2410 sapiens
358 2335 516 2390 temeritas
516 2329 585 2411 filit
596 2330 818 2409 comprobavit.

253 2486 292 2520 nte
305 2473 410 2536 stante]
428 2463 448 2520 i.
472 2486 497 2522 e.
512 2487 560 2520 ¹me
578 2480 719 2540 praesento,
733 2467 868 2520 audiente.
885 2469 978 2522 Cicero
998 2487 1083 2520 anuos
1101 2467 1251 2538 quindecim
1266 2481 1327 2520 erat

289 2563 370 2603 natus
382 2569 406 2602 a.
421 2550 483 2615 662,
497 2569 549 2622 quo
559 2551 645 2603 Carbo
653 2551 807 2604 concionem
825 2550 929 2603 habuit.

257 2679 281 2730 0
297 2677 389 2730 Marce
407 2678 507 2744 Druse]
522 2676 554 2729 C.
571 2675 656 2728 Carbo
670 2675 699 2728 in
719 2675 856 2728 tribunatu
872 2693 921 2728 suo
934 2695 958 2728 a.
973 2679 1006 2728 U.
1021 2677 1081 2728 662.
1091 2673 1219 2746 collegam
1231 2675 1329 2730 habuit

289 2766 325 2817 Μ.
334 2764 440 2814 Livium
450 2765 577 2827 Drusum,
592 2764 639 2832 qui
651 2765 679 2815 iu
696 2763 850 2834 magistratu
860 2764 964 2815 occisus
972 2775 1014 2815 est
1026 2783 1031 2814 ι
1043 2763 1130 2814 occiso
1144 2780 1205 2813 vero
1218 2781 1251 2814 eo
1263 2781 1326 2814 con-

289 2848 391 2899 cionem
405 2843 500 2898 habuit
513 2846 678 2898 adversarius
687 2841 746 2916 ejus
756 2847 851 2910 Carbo,
872 2846 974 2917 inqua,
992 2850 1106 2902 Drusum
1123 2859 1234 2918 patrem,
1256 2866 1323 2900 mor-

289 2942 375 2991 tuum,
391 2927 539 2997 appellans,
555 2929 581 2980 id
595 2928 684 2992 refert,
699 2929 770 3000 quod
783 2929 942 2982 illedixerat
956 2949 980 2980 a.
995 2931 1029 2982 U.
1045 2931 1110 2994 632,
1128 2947 1187 2982 cum
1198 2931 1230 2982 C.
1241 2932 1323 2982 Grac-

288 3019 356 3071 chus
367 3037 416 3091 per
428 3017 562 3093 Opimium
570 3013 803 3067 interfectuserat.
815 3017 850 3067 Ut
862 3016 932 3068 euim
946 3015 1083 3086 Opimium
1089 3014 1151 3088 jure
1162 3017 1245 3068 istum
1254 3015 1327 3069 ocei-

287 3107 357 3158 disse
371 3109 475 3159 Drusus
490 3115 565 3176 puter
580 3099 718 3174 judicarit,
733 3104 770 3158 sio
786 3120 860 3156 nuno
879 3105 997 3156 Matourn
1017 3105 1142 3168 Drusum,
1158 3102 1256 3167 lilium,
1271 3121 1324 3155 nou

289 3187 386 3262 injuria
397 3188 567 3244 interfectum
576 3187 671 3240 videri.

450 3379 542 3451 Lttt.
570 3379 615 3470 Q.
631 3375 802 3450 Claudius
815 3378 1083 3476 Quadrigarius.

260 3588 398 3648 diunales
417 3582 541 3668 quidem
555 3578 763 3668 Quadrigarii
785 3578 923 3644 notiores
945 3592 1018 3642 sunt
1038 3601 1131 3662 quam
1150 3575 1321 3657 orationes,

217 3707 371 3768 unumque
386 3698 505 3749 tautum
520 3705 628 3747 earum
642 3681 807 3761 vestigium
821 3680 987 3754 remansit,
1008 3683 1100 3744 modo
1114 3679 1261 3744 Claudius
1274 3677 1321 3742 ibi

216 3784 441 3871 Quadrigarius
453 3783 495 3848 sit
507 3782 740 3866 intelligendus.

258 3885 377 3952 Nonius
387 3909 418 3972 p.
431 3885 505 3960 206,
517 3886 557 3949 26
568 3907 576 3946 r
587 3887 704 3947 Horrea
714 3901 828 3964 genere
838 3878 999 3942 lerninino.
1015 3879 1165 3948 Claudius
1179 3881 1331 3945 oratioue.

215 3991 249 4052 in
261 3990 424 4074 Quintium
434 3988 577 4052 Gallum:
594 3987 734 4067 Quarum
741 3981 851 4068 jucerti
865 4002 1006 4041 nturreno
1023 3981 1085 4041 ulla
1099 3980 1210 4040 horreo
1225 3987 1325 4047 curto.

215 4110 275 4174 que
287 4105 317 4150 et
330 4087 495 4150 tabidum
507 4083 654 4163 publicae.
671 4081 813 4161 Ejusdem
825 4079 949 4156 generis
965 4079 1132 4142 tabularios
1145 4091 1178 4139 et
1190 4081 1324 4141 horreas

217 4185 303 4249 dixit.
