2954 4840
641 382 709 452 315

523 687 635 731 coneto
657 689 696 730 nn
721 687 821 744 lours.

165 901 309 965 Frontin.
326 903 563 982 DeAquaednct.
583 921 612 962 c.
630 900 682 972 te,
700 921 731 981 p.
747 900 806 962 127
818 901 867 961 ed.
880 897 985 962 Adler.
1000 919 1009 960 t
1024 900 1073 962 Ae
1087 897 1225 962 devitiis

121 997 272 1080 ejusmodi
288 994 332 1080 (i.
349 1017 377 1058 e.
396 997 555 1060 defraudo
577 993 797 1086 aquariorum)
821 1015 879 1058 neo
904 997 996 1077 plura
1011 1016 1069 1060 nec
1091 992 1223 1061 meliora

120 1093 183 1157 dici
202 1108 337 1178 possunt,
365 1115 457 1178 quam
473 1091 602 1158 aCoelio
622 1093 702 1158 Rulo
716 1095 802 1158 dicta
814 1092 932 1155 suntin
946 1114 984 1153 ea
1000 1097 1154 1169 concione,
1174 1101 1225 1158 cut.

116 1193 220 1252 titttltts
230 1206 277 1254 est
289 1193 341 1254 De
355 1198 453 1277 optut.
925 1201 929 1216 '

157 1330 259 1395 cauto]
279 1347 358 1399 quam
375 1328 470 1381 habuit
487 1327 571 1381 oedilis
589 1328 691 1381 curulis
705 1347 728 1380 a.
754 1329 789 1381 tt.
810 1327 870 1379 703.
885 1326 962 1380 Conf.
985 1324 1063 1380 Coelii
1084 1326 1169 1398 Epist.
1191 1328 1222 1380 sd

191 1414 276 1468 Cicer.
300 1413 374 1474 vlu,
388 1415 404 1466 6
425 1435 430 1466 :
446 1413 502 1467 Sed
511 1413 564 1466 dt'ct'
574 1433 622 1466 non
633 1421 734 1486 potest,
756 1413 877 1484 quomodo
889 1410 929 1465 bic
944 1414 1027 1465 onmia
1032 1413 1150 1487 jaceant.
1164 1411 1228 1464 Nisi

191 1520 238 1573 ego
252 1521 309 1554 cum
337 1500 494 1555 tabernariis
513 1508 541 1554 et
560 1501 678 1574 aquariis
690 1519 850 1574 pugnarem,
870 1507 989 1554 veternus
1004 1500 1133 1554 rtbrtmm
1150 1519 1223 1553 mcu-

187 1593 290 1656 passer.

540 1801 808 1824 -α-α-Φ--ιαη

162 2049 297 2132 Quintil.
315 2054 340 2124 l,
364 2053 395 2126 6,
412 2051 474 2114 lt:
493 2054 600 2134 Neque
622 2052 914 2116 tutwctnatundum
927 2064 960 2116 et
972 2050 1221 2112 lurcinabundum

117 2151 184 2234 jam
195 2150 228 2212 in
244 2150 335 2214 nobis
345 2151 506 2232 quisquam
519 2150 613 2228 ferat,
634 2151 708 2214 licet
718 2150 796 2215 Cato
811 2151 853 2213 sit
864 2163 972 2214 auctor
984 2170 994 2225 3
1007 2169 1067 2212 nee
1081 2147 1137 2209 bos
1148 2150 1224 2209 lodt-

119 2272 184 2321 σεε,
201 2271 384 2333 quamquam
395 2252 427 2318 id
442 2249 578 2316 Pollioni
595 2251 975 2333 placeat3necgb1dtola,
992 2245 1080 2331 atqui
1091 2250 1222 2313 Messala

120 2345 215 2424 dixin
233 2371 291 2412 nee
302 2351 537 2429 parricidarum,
566 2352 646 2430 quod
666 2350 700 2409 in
714 2346 813 2412 coelio
827 2347 881 2409 vix
903 2347 1066 2410 tolerabile
1087 2347 1220 2420 ridetur,

121 2465 180 2508 neo
195 2447 295 2512 collos
310 2447 386 2508 mihi
403 2445 516 2508 Calvus
530 2445 726 2526 persuaserit.

154 2581 180 2633 in
201 2581 299 2648 Coelio]
318 2584 359 2635 M.
375 2579 483 2634 Catium
497 2582 607 2651 Rufism,
623 2593 761 2646 oratorem,
787 2598 843 2634 uon
862 2578 971 2632 Catium
989 2581 1167 2649 Antipatrum,
1182 2576 1223 2628 hi-

188 2664 327 2734 storicum,
341 2663 547 2737 intelligendum
561 2683 593 2716 ex
615 2683 646 2716 eo
665 2663 802 2736 probabile
815 2674 865 2727 est,
880 2661 951 2732 quod
969 2659 1144 2733 conjungitur
1162 2679 1222 2711 oum
1308 2660 1311 2665 ’

194 2745 341 2816 aequalibus
360 2748 426 2808 suis,
450 2746 582 2810 Pollione,
609 2747 736 2814 Messala,
755 2747 851 2812 Calvo,
874 2757 1016 2799 utcontra
1039 2742 1222 2817 Spaldingiurn

191 2842 262 2883 reete
275 2830 459 2883 animadvertit
472 2830 590 2884 Ellendt.

162 2956 345 3022 Rufinianus
359 2977 391 3039 p.
409 2957 466 3018 211
484 2979 491 3018 2
507 2959 730 3042 Apophonema
739 2957 895 3022 sententia
909 2956 1088 3041 responsiva
1095 2966 1132 3017 ut
1143 2957 1222 3039 apud

117 3057 252 3122 Coelium
269 3084 277 3118 ε
293 3059 361 3118 Fac
374 3059 467 3128 velis,
479 3059 633 3140 perficies.

158 3192 288 3259 Cottum]
308 3191 488 3244 Ruhnkenius
502 3192 626 3246 emendet
640 3193 781 3257 Coectlsum,
795 3192 975 3264 intelligitque
985 3204 1098 3264 poetam.
1203 3251 1207 3263 ,

162 3314 316 3382 Priscian.
331 3321 386 3390 Vl,
405 3317 436 3393 1,
465 3339 496 3401 p.
516 3319 573 3383 221
595 3315 754 3383 :Goeliust
769 3319 870 3382 Nulla
896 3323 1013 3379 nationi
1032 3331 1086 3391 tot,
1111 3328 1222 3389 motas,
1251 3305 1323 3380 198

2 3466 3 3469 ,
118 3430 185 3474 tam
203 3420 359 3474 continuas
375 3419 531 3485 vs'ctorins,
554 3431 618 3474 tam
643 3417 725 3479 brevi
750 3421 847 3496 spatio
869 3417 955 3476 datas
977 3415 1108 3476 arbt'tror
1130 3433 1224 3496 quam

2 3511 3 3514 ¹
118 3515 226 3575 vobis.

156 3623 275 3689 Coelrits]
294 3624 385 3678 Krehl.
408 3627 436 3680 in
457 3627 546 3682 lndioe
571 3630 718 3682 lucturum
739 3627 825 3684 Coelio
844 3629 977 3682 Historioo
993 3624 1150 3691 td‘utbuis,
1176 3626 1223 3680 sed

191 3705 372 3758 Ruhnkenius
385 3709 417 3760 ad
431 3711 528 3764 venei.
544 3711 579 3773 ΙΙ,
595 3714 628 3765 68
641 3731 673 3764 ex
687 3712 808 3765 oratione
820 3713 861 3765 M.
879 3710 999 3766 eumad
1016 3707 1132 3778 (inuitos
1150 3729 1223 3762 surn-

192 3804 269 3863 ptum
289 3811 349 3844 rere
360 3791 497 3865 judicarit.
514 3797 630 3852 Ellendt.
649 3799 772 3852 nonnoni
787 3799 818 3852 dc
836 3796 911 3870 aquit
930 3798 967 3852 ad
977 3797 1104 3869 populum
1117 3796 1220 3850 tribuit.

192 3875 277 3928 Codd.
292 3874 347 3928 fere
359 3877 478 3947 prebent
493 3879 622 3934 Coecitt'us.

161 3973 325 4036 Diomedes
339 3994 371 4057 p.
390 3974 426 4036 1-1
451 3980 500 4039 ed.
528 3979 606 4042 1526
629 3981 780 4042 :Hietare
802 3994 834 4044 et
857 3979 973 4040 brutare
994 3991 1118 4044 veteres.
1142 3975 1222 4039 dixe·

118 4087 203 4144 runt.
236 4073 374 4138 Coelius:
398 4077 530 4165 Sequere
555 4095 586 4146 tn
614 4102 687 4164 nzea
713 4087 766 4166 qut
792 4079 867 4147 mibi
896 4086 1029 4144 oscitans
1052 4076 1236 4162 bz'etausque

121 4188 217 4236 astas.
