2916 4838
622 327 690 399 299

105 468 218 524 tioteem
234 468 342 536 suasit,
360 463 456 526 verbu
470 464 535 524 haee
550 478 642 526 suut:
659 465 807 549 Equidem
822 465 897 524 milti
910 468 1019 527 videor·
1028 488 1085 546 pro
1101 486 1205 529 trustra

104 564 281 622 necessitate
292 581 353 622 riou
364 559 483 635 labore,
495 581 554 620 non
566 582 672 642 opera,
684 583 743 623 non
755 564 901 623 a'udusm‘a
911 563 1054 642 defitisse.
1085 601 1088 617 ι
1133 614 1135 622 ,

147 663 233 721 ldern
244 660 448 738 fragmentum
464 662 544 743 apud
558 659 695 724 Nonium
709 675 810 726 exstat
819 684 849 748 p.
864 662 938 738 354,
953 663 1005 739 10,
1016 684 1043 726 s.
1056 685 1087 726 r.
1098 665 1204 725 Neces-

103 767 190 837 sitas,
204 761 226 822 i.
239 781 267 824 c.
281 757 485 833 necessitudo,
494 760 544 844 jus
555 762 727 835 affinitatis,
741 777 775 828 ut
784 760 831 826 ibi
840 761 971 830 Gellius.

258 979 324 1042 t-s.
350 997 518 1040 onarronrs
532 999 562 1039 ιιι
579 997 609 1038 c.
623 999 772 1041 ιιιιιιιιιιιι
788 1000 824 1041 nr
839 1002 867 1042 t.
880 999 1042 1044 ιιοιιιτιιιιι.
1233 943 1303 1016 ¹32

141 1187 313 1250 Scholiasta
328 1189 552 1251 Ambrosianus
567 1188 606 1249 ad
621 1187 724 1250 Cicer.
735 1188 825 1254 Orat.
847 1208 905 1271 pro
923 1187 1029 1253 Sextio
1045 1210 1074 1257 c·
1091 1193 1141 1263 ts,
1163 1193 1198 1265 2,

100 1289 144 1370 (p.
158 1287 215 1351 ast
228 1289 276 1350 ed.
289 1286 420 1373 Oreus:
437 1290 485 1350 De
497 1289 574 1351 actis
583 1289 721 1370 loquitur
732 1289 878 1374 (Cicero),
891 1311 957 1374 quae
967 1291 1075 1354 babuit
1086 1277 1120 1352 t‘n
1132 1311 1204 1352 con-

98 1389 201 1450 sulatu
218 1387 255 1456 C.
274 1389 376 1453 Caesar
388 1390 594 1472 inauspicato,
612 1403 646 1452 ut
660 1387 842 1455 ridebatur:
859 1413 919 1474 qua
941 1395 980 1460 de
1003 1413 1036 1454 re
1058 1394 1203 1454 adversus

97 1509 168 1549 curn
184 1501 314 1567 egerant
328 1491 361 1550 iu
376 1503 483 1551 senatu
499 1489 534 1548 C.
549 1491 725 1555 Memmius
739 1504 771 1552 et
784 1491 821 1552 L.
835 1493 993 1558 Domitius
1006 1505 1155 1574 praetores
1172 1504 1203 1551 et.

98 1592 194 1662 ipsius
208 1589 341 1650 (abusuris
354 1595 509 1651 orationes
523 1607 628 1650 contra
651 1590 706 1650 lios
723 1608 856 1666 exstant,
873 1593 983 1674 quibus
1005 1606 1037 1656 et
1056 1613 1110 1655 suu
1133 1608 1204 1654 actu

98 1689 236 1750 defendit
248 1702 280 1751 et
292 1689 362 1750 illos
373 1687 558 1754 insectatur.

138 1786 266 1847 Sueten.
281 1784 360 1848 Caes.
374 1807 404 1847 e.
416 1786 476 1848 23:
494 1789 630 1848 Functus
645 1789 807 1848 consulatu
822 1787 926 1851 Caesar
939 1789 976 1852 C.
988 1784 1132 1850 Memmio
1144 1793 1200 1850 Lu·

95 1884 204 1963 cisque
217 1881 352 1944 Domitio
371 1884 554 1966 praetoribus
567 1887 606 1949 de
619 1885 789 1968 superioris
806 1884 882 1950 anuf
896 1886 979 1948 actis
992 1885 1201 1948 referentibus

96 1984 305 2064 cognitionem
319 1981 441 2049 senatui
455 1988 579 2061 detulit,
605 2007 663 2050 nec
683 1987 738 2050 illo
758 1987 945 2070 suscipiente
961 1985 1124 2070 triduoque
1138 2010 1195 2068 per

98 2082 210 2146 irritas
219 2083 438 2146 altercationes
449 2085 610 2166 absumpto
623 2080 657 2144 iu
670 2081 866 2167 provinciam
877 2082 965 2146 abiit.

138 2180 311 2244 Scholiasta
325 2182 469 2248 Ambros.
482 2184 521 2243 ad
531 2181 600 2246 Cic.
615 2178 674 2244 Or.
687 2181 722 2243 iu
731 2179 894 2246 Vatinium
914 2204 943 2246 c.
958 2187 990 2257 6,
1004 2183 1022 2246 3
1035 2177 1046 2263 (
1054 2203 1086 2264 p.
1103 2183 1195 2267 dll):

94 2279 300 2344 Commiserat
314 2279 435 2341 senatui
450 2300 580 2342 oausam
594 2299 680 2341 suam
694 2279 731 2343 C.
744 2282 859 2357 Caesar,
882 2281 914 2343 id
933 2295 995 2357 est,
1017 2295 1052 2343 ut
1073 2281 1110 2342 de
1132 2282 1199 2360 lege

97 2381 223 2460 agraria
240 2394 345 2462 patres
356 2377 544 2460 judicarent.
564 2378 612 2440 lbi
627 2376 712 2440 euim
724 2380 839 2444 habim
850 2393 921 2441 sunt
935 2396 998 2442 tres
1011 2381 1071 2440 tlte
1085 2386 1198 2440 orado·

95 2499 150 2536 nes
165 2493 270 2536 cortun
284 2479 451 2534 Domitium
464 2489 493 2532 et
504 2476 704 2534 Memmium.

135 2576 234 2636 Causa
246 2570 281 2634 in
294 2592 408 2634 artuum
424 2575 467 2638 U.
478 2591 506 2634 c·
518 2573 579 2634 695
590 2571 711 2636 incidit.
728 2571 766 2634 C.
779 2571 938 2634 Memmius
958 2585 1064 2633 orator
1083 2585 1114 2632 et
1135 2573 1197 2634 ini-

96 2674 192 2735 miens
201 2667 331 2734 Coesaris
344 2688 435 2752 supra
448 2666 589 2730 laudatus
601 2680 659 2730 est.
911 2663 913 2670 “

135 3085 222 3147 Suet.
231 3080 306 3139 Cass.
321 3099 349 3140 c.
362 3080 417 3141 ὁδε
431 3081 539 3143 Geniis
550 3081 732 3160 eloquentiae
744 3081 894 3141 duntaxat
905 3079 1084 3141 adolescens
1097 3079 1194 3140 adbuc

93 3180 256 3247 Strabonis
271 3178 402 3242 Caesaris
414 3191 535 3239 secutus
550 3178 684 3254 videtur,
702 3177 790 3259 cujus
804 3178 899 3240 edam
913 3197 949 3238 ox
964 3172 1116 3250 oratione,
1129 3199 1195 3258 quae

93 3276 277 3342 inscribitur
284 3275 350 3337 Pro
361 3273 483 3349 Surdisj
495 3277 534 3335 nd
548 3275 677 3337 verbum
694 3275 843 3338 nonnulla
858 3276 1019 3337 transtulit
1031 3281 1062 3334 iu
1073 3277 1193 3334 Divina·

92 3383 207 3437 tionem
221 3373 287 3461 (10)
303 3395 401 3434 suam.
420 3373 579 3433 Orationes
593 3374 710 3459 aliquas
731 3373 869 3458 reliquit,
890 3377 967 3432 iuter
985 3393 1060 3457 quus
1079 3385 1195 3429 temere

92 3473 393 3558 quaedamferuutur.
416 3465 481 3530 Pro
504 3471 544 3552 Q·
564 3471 692 3530 Metello
706 3467 773 3554 (ll)
793 3491 854 3534 non
870 3471 1026 3533 immerito
1041 3474 1195 3548 Augustus

91 3575 249 3639 existimat
258 3569 355 3651 magis
365 3573 403 3634 ab
416 3568 562 3635 actuariis
571 3585 732 3654 exceptam
744 3573 823 3634 inale
833 3569 1088 3655 subsequentibus
1097 3569 1195 3634 verba
1231 3655 1233 3659 ,

92 3672 224 3736 «licentis
238 3691 330 3751 quam
344 3671 383 3732 ab
399 3671 465 3754 ipso
480 3671 606 3733 editam.
626 3671 705 3732 Nam
719 3671 753 3731 in
769 3666 950 3752 quibusdam
964 3669 1194 3752 exemplaribus

91 3769 233 3845 invenio,
254 3790 293 3830 ne
314 3767 496 3852 inseriptam
518 3768 641 3849 quidem
658 3767 719 3826 Pro
734 3767 861 3828 Metello
884 3771 938 3830 sed
955 3788 1049 3852 quam
1071 3773 1195 3848 scripsit

95 3869 229 3942 Metello,
247 3887 318 3929 curn
331 3886 369 3928 ex
385 3887 519 3950 persona
536 3869 667 3934 Caesaris
680 3885 781 3928 sermo
797 3863 848 3940 sit,
864 3863 1020 3928 Metellum
1034 3887 1127 3948 seque
1142 3868 1193 3927 ad·

93 3965 419 4028 versuscommunium
429 3966 673 4030 obtrectatorum
682 3963 915 4028 criminationes
923 3964 1095 4048 purgantis.
1106 3966 1199 4043 ¹4le

93 4069 204 4127 milites
223 4087 344 4149 quoque
366 4072 395 4125 in
417 4068 562 4146 Hispania
583 4071 664 4131 idern
686 4074 839 4149 Augustus
860 4067 1034 4132 orationem
1055 4086 1120 4128 esse
1142 4061 1194 4123 vix

92 4161 187 4248 ipsius
212 4176 316 4248 putat,
342 4183 409 4247 quae
432 4178 536 4228 tarrrcn
561 4167 672 4249 duplex
689 4165 741 4250 (12
765 4165 996 4246 attalianum,
1024 4183 1085 4226 una
1108 4161 1193 4244 quasi
