2934 4846
245 659 316 704 sens
328 642 370 724 Q.
389 638 560 705 Fulviumn
573 641 679 725 Capua
694 643 878 717 abscedere,
895 663 982 706 reum
997 645 1077 727 eripi
1092 642 1250 706 noluisset.
1267 643 1347 707 Ora·

245 739 362 804 donum
377 741 553 805 habitarum
565 742 754 806 mentionem
766 742 836 806 lieri
846 761 908 806 non
923 743 1073 806 ridemus.
1089 743 1150 806 Sed
1161 743 1270 822 negari
1284 761 1347 808 non

244 851 363 920 potest,
376 841 491 902 menos
497 839 712 920 incorruptum
726 841 808 904 illius
822 840 1056 904 ausarensem
1069 837 1240 920 judicasse,
1256 859 1347 921 quam

245 939 406 1001 ambitiosa
416 939 572 1022 sequentis
586 941 734 1023 temporis
749 941 892 1022 ingenia,
905 939 956 1004 cui
970 938 1090 1003 lucutus
1099 941 1251 1004 sermonis
1262 939 1348 1004 nitor

244 1049 277 1097 et
296 1037 422 1100 fallaces
443 1038 677 1114 miserationes,
699 1037 795 1102 etiam
815 1057 873 1121 pru
893 1037 1030 1118 indignis
1062 1037 1228 1112 adhibitas,
1261 1038 1348 1102 viros

243 1130 341 1196 bonos
363 1134 487 1200 dicendi
511 1135 629 1217 peritos
647 1153 710 1198 nou
729 1135 916 1200 videbauurr
941 1135 1104 1200 dedecere.
1128 1135 1346 1198 decentiorem

244 1236 495 1300 consuetudinem
508 1237 535 1298 si
549 1235 602 1316 qui
615 1248 778 1298 senatores
797 1237 830 1296 in
844 1236 966 1300 Grecis
984 1248 1225 1319 perspexerant,
1242 1248 1283 1298 ut
1296 1255 1348 1318 pe·

242 1331 401 1409 regriuan
419 1330 683 1413 aspernabantur,
708 1351 809 1412 neque
827 1330 1048 1393 admittendam
1067 1352 1100 1394 rn
1119 1332 1277 1396 civitatem
1294 1353 1347 1415 pu·

243 1427 364 1490 tabant.
381 1427 532 1492 Viderunt
557 1429 640 1490 euim
664 1447 766 1491 mores
789 1427 950 1490 civitatum
974 1440 1175 1489 externarum
1190 1448 1261 1490 cum
1280 1447 1346 1494 ccr-

242 1539 334 1606 rupto
352 1545 456 1588 rerum
471 1524 608 1590 ciuilium
629 1539 711 1590 statu
725 1524 924 1609 conjunctos3
946 1545 1045 1607 neque
1061 1525 1264 1607 improbanda
1276 1529 1348 1592 sim·

243 1621 370 1702 plinium
383 1623 540 1686 hominum
557 1626 730 1701 sententia,
754 1624 886 1686 alterum
902 1623 941 1686 ab
956 1624 1054 1688 altero
1068 1641 1132 1688 uon
1144 1643 1232 1706 posse
1246 1643 1348 1704 segre-

242 1717 323 1796 gari.
339 1721 415 1782 lude
428 1722 481 1782 diu
496 1721 590 1785 etiam
604 1734 674 1804 post
686 1723 751 1784 haec
766 1736 905 1803 tempora
925 1721 1098 1803 philosophi
1110 1721 1216 1786 Graeci
1229 1735 1261 1783 et
1279 1722 1349 1786 rbe·
1465 1707 1466 1758 ἶ

243 1826 327 1880 tures
347 1838 367 1880 a
391 1819 499 1900 paucis
517 1820 656 1902 accepti,
687 1829 827 1882 asenatu
841 1818 970 1882 civitate
983 1817 1076 1900 ejecti
1088 1831 1171 1882 suut.
1185 1821 1226 1882 Et
1239 1822 1350 1900 negari

243 1933 307 1976 uon
323 1927 442 1996 potest,
458 1935 555 1995 genus
568 1916 807 1980 deliberativum
819 1918 980 1988 honestate
994 1915 1134 1989 cousffii,
1150 1929 1183 1978 et
1196 1916 1347 1996 dignitate

242 2011 304 2074 loci
315 2013 472 2095 praecipue
483 2014 610 2094 dignm
623 2014 724 2078 rideri
746 2015 827 2078 viro.
848 2017 993 2094 Regnare
1012 2014 1046 2077 iu
1058 2013 1184 2096 judiciis
1197 2057 1207 2088 ‚
1223 2015 1347 2098 eripere

174 2122 179 2135 ·
242 2106 371 2172 flamme
385 2110 435 2174 vel
453 2111 587 2176 maxime
607 2113 729 2189 noxios,
746 2111 795 2194 jus
814 2125 846 2176 et
864 2113 1010 2198 injuriam
1027 2112 1091 2174 oris
1104 2125 1347 2196 temperamento

244 2207 395 2285 miscere,
412 2211 580 2274 ambitiosis
593 2212 711 2274 saeculis
722 2231 868 2291 maguum
881 2223 913 2274 et
934 2212 1054 2292 regium
1076 2212 1174 2275 visum
1187 2225 1234 2276 est
1253 2211 1344 2296 (Cic.

244 2306 383 2372 Deerat.
400 2310 432 2385 1,
449 2308 480 2385 8,
497 2311 580 2372 conl.
602 2311 676 2387 12),
693 2311 747 2372 sed
761 2310 942 2393 incorrupto
957 2311 1058 2374 sensui
1076 2308 1245 2394 displicuit.

285 2404 317 2468 4.
341 2407 571 2472 Erudiebantur
593 2409 647 2472 illo
669 2423 808 2493 tempore
827 2411 1036 2476 adolescentes
1058 2411 1158 2475 minus
1179 2411 1293 2474 litteris
1315 2427 1348 2476 et

243 2514 276 2563 et
286 2506 503 2585 magistrorum
516 2527 593 2570 voce
609 2528 700 2588 quam
715 2509 929 2571 contuberniis
946 2510 1161 2572 decoratorum
1177 2509 1347 2572 honoribus

244 2616 276 2666 et
298 2606 473 2690 triumphis.
493 2609 754 2673 Consuetudinem
773 2608 879 2686 illam,
906 2629 967 2692 qua
990 2631 1080 2674 senes
1101 2624 1133 2672 et
1148 2610 1293 2673 honorati
1307 2611 1345 2671 de

241 2707 313 2787 jure
326 2713 549 2791 respondentes
558 2713 609 2774 vel
623 2713 811 2776 disserentes
822 2716 859 2776 de
870 2714 965 2778 rebus
977 2713 1110 2796 publicis
1120 2712 1348 2776 adolescentum

212 2819 214 2825 ’
243 2807 380 2870 ‹bsceudi
394 2810 577 2892 cupidorum
588 2812 681 2873 turba
699 2813 893 2890 gaudebant,
910 2815 950 2874 ad
962 2814 1027 2876 hac
1040 2831 1135 2891 usque
1147 2825 1287 2892 tempora
1300 2832 1349 2875 re-

244 2904 354 2967 cedere
368 2923 512 2983 magnam
527 2906 804 2972 verisimilitudinis
817 2909 950 2990 speciem
977 2905 1083 2972 habet.
1105 2911 1146 2970 Et
1162 2923 1209 2972 est
1222 2910 1287 2973 haec
1302 2912 1347 2973 di·

243 3001 351 3063 scendi
361 3002 551 3082 docendique
563 3003 646 3070 ratio
656 3018 691 3066 ut
700 3007 847 3084 gratuita,
863 3006 907 3068 ita
916 3005 1141 3079 honestissima,
1153 3018 1186 3068 et
1199 3009 1346 3071 Romana

243 3099 450 3176 magnitudini
463 3101 609 3179 augendae
626 3103 753 3185 plurimi
766 3103 823 3166 fuit
845 3103 951 3186 pretii.
976 3105 1055 3166 Nam
1070 3123 1132 3166 non
1152 3103 1269 3185 frigide
1283 3127 1346 3168 ma·

242 3196 410 3275 gistrorum
422 3198 643 3281 disputationes
656 3213 758 3274 eraut,
772 3203 826 3264 sed
841 3202 911 3268 riva
919 3221 1043 3264 summae
1053 3202 1179 3266 virtutis
1188 3203 1345 3286 exempla3

129 3292 133 3301 ’
243 3313 307 3357 non
329 3294 454 3360 inutiles
475 3300 518 3360 de¹
532 3299 626 3362 rebus
640 3299 811 3364 reconditis
825 3299 1073 3381 disquistiiones‚
1096 3303 1151 3364 sed
1172 3303 1211 3366 de
1228 3319 1346 3363 summa

219 3465 221 3470 ,
244 3392 405 3476 republica
418 3395 619 3479 laudibusque
633 3397 743 3480 patrie
760 3399 922 3462 servandis
940 3398 1147 3480 augendisque
1168 3412 1344 3483 precepta,

243 3512 341 3573 eaque
354 3491 535 3558 confirmata
552 3496 717 3558 multorum
732 3517 884 3560 annorum
899 3517 964 3559 usu.
986 3497 1076 3580 Quod
1091 3508 1244 3578 preterea
1263 3510 1346 3560 artes

244 3592 390 3671 quasdam
415 3592 454 3654 ab
474 3593 612 3655 Etruscis
632 3593 775 3658 feruntur
796 3596 953 3679 accepisse
966 3593 1099 3657 Romani
1118 3595 1345 3670 adolescentes,

121 3750 128 3776 f
242 3688 275 3749 id
288 3689 384 3750 cultui
398 3710 472 3753 rere
487 3693 627 3754 Romano
640 3713 749 3774 parum
763 3707 848 3758 certe
867 3693 1034 3760 officiebat.
1052 3694 1131 3753 Nam
1150 3706 1265 3774 proeter
1278 3714 1345 3756 rem

243 3790 497 3869 agrimensorium
512 3806 544 3854 et
559 3795 597 3856 de
612 3795 705 3858 rebus
717 3796 816 3858 sacris
833 3809 865 3857 et
886 3795 1156 3878 superstitionibus
1170 3794 1346 3858 doctrinam

243 3891 322 3954 nibil
340 3895 478 3975 prolecto
506 3897 652 3960 traditum
675 3911 731 3960 est.
754 3899 859 3979 Neque
882 3917 956 3959 sane
976 3895 1175 3980 haruspicina
1198 3895 1253 3957 illa
1275 3896 1346 3960 talis

242 4008 326 4068 erat,
348 4015 415 4077 quae
434 3997 510 4060 artis
528 3998 760 4061 similitudinem
781 3997 928 4072 haberet3
957 4018 1056 4079 neque
1074 3998 1128 4059 illa
1148 3995 1278 4060 nimium
1303 3999 1345 4061 lo·

244 4098 345 4160 venda
365 4099 575 4163 Romanorum
602 4100 749 4162 fortitudo
772 4097 933 4160 debilitata
958 4112 1021 4176 est3
1050 4099 1194 4180 quoniam
1223 4099 1345 4182 quidem

143 4205 149 4226 ⁹
244 4193 288 4254 ita
301 4209 514 4279 comparatum
528 4200 687 4268 videmus,
704 4208 738 4257 ιιι
752 4215 821 4258 curn
842 4195 966 4274 ingenio
988 4195 1118 4259 colendo
1132 4243 1141 4273 ,
1157 4217 1220 4261 non
1243 4199 1345 4262 dicam

245 4297 340 4360 anirui
355 4299 463 4372 robur,
480 4312 512 4362 at
528 4297 665 4381 corporis
679 4298 787 4360 saltem
802 4297 850 4360 vis
863 4312 894 4361 et
908 4299 1070 4376 valetudo,
1082 4300 1225 4382 generosi
1238 4299 1345 4364 nutrix
