<?xml version="1.0" encoding="UTF-8"?>
<!DOCTYPE html PUBLIC "-//W3C//DTD XHTML 1.0 Transitional//EN"
    "http://www.w3.org/TR/xhtml1/DTD/xhtml1-transitional.dtd">
<html xmlns="http://www.w3.org/1999/xhtml" xml:lang="en" lang="en">
 <head>
  <title>
</title>
<meta http-equiv="Content-Type" content="text/html;charset=utf-8" />
  <meta name='ocr-system' content='tesseract 3.04.00' />
  <meta name='ocr-capabilities' content='ocr_page ocr_carea ocr_par ocr_line ocrx_word'/>
</head>
<body>
  <div class='ocr_page' id='page_1' title='image "./oratorumromanor00meyegoog_0388.png"; bbox 0 0 2954 4840; ppageno 0'>
   <div class='ocr_carea' id='block_1_1' title="bbox 795 333 916 430">
    <p class='ocr_par' dir='ltr' id='par_1_1' title="bbox 795 333 916 430">
     <span class='ocr_line' id='line_1_1' title="bbox 795 333 916 430; baseline 0.008 -2"><span class='ocrx_word' id='word_1_1' title='bbox 795 355 864 430; x_wconf 78' lang='lat' dir='ltr'><strong>ast</strong></span> <span class='ocrx_word' id='word_1_2' title='bbox 913 333 916 340; x_wconf 74' lang='grc'><strong>“</strong></span> 
     </span>
    </p>
   </div>
   <div class='ocr_carea' id='block_1_2' title="bbox 550 599 1106 674">
    <p class='ocr_par' dir='ltr' id='par_1_2' title="bbox 550 599 1106 674">
     <span class='ocr_line' id='line_1_2' title="bbox 550 599 1106 674; baseline 0 -2"><span class='ocrx_word' id='word_1_3' title='bbox 550 599 661 672; x_wconf 85' lang='lat' dir='ltr'><strong>CVM.</strong></span> <span class='ocrx_word' id='word_1_4' title='bbox 691 603 895 674; x_wconf 79' lang='lat' dir='ltr'>Montanus</span> <span class='ocrx_word' id='word_1_5' title='bbox 910 602 1106 674; x_wconf 77' lang='lat' dir='ltr'><strong>Votienus.</strong></span> 
     </span>
    </p>
   </div>
   <div class='ocr_carea' id='block_1_3' title="bbox 175 800 1384 2667">
    <p class='ocr_par' dir='ltr' id='par_1_3' title="bbox 269 800 1384 1590">
     <span class='ocr_line' id='line_1_3' title="bbox 317 800 1382 889; baseline 0.002 -20"><span class='ocrx_word' id='word_1_6' title='bbox 317 805 436 870; x_wconf 82' lang='lat' dir='ltr'><strong>Seneca</strong></span> <span class='ocrx_word' id='word_1_7' title='bbox 450 800 602 866; x_wconf 73' lang='lat' dir='ltr'><strong>Contrua.</strong></span> <span class='ocrx_word' id='word_1_8' title='bbox 617 804 673 866; x_wconf 87' lang='lat' dir='ltr'><strong>lib.</strong></span> <span class='ocrx_word' id='word_1_9' title='bbox 688 823 732 880; x_wconf 85' lang='lat' dir='ltr'><strong>tr,</strong></span> <span class='ocrx_word' id='word_1_10' title='bbox 746 805 799 879; x_wconf 80' lang='grc'><strong>28,</strong></span> <span class='ocrx_word' id='word_1_11' title='bbox 813 825 844 886; x_wconf 75' lang='lat' dir='ltr'><strong>p.</strong></span> <span class='ocrx_word' id='word_1_12' title='bbox 858 803 918 868; x_wconf 76' lang='grc'><strong>335</strong></span> <span class='ocrx_word' id='word_1_13' title='bbox 932 801 1004 888; x_wconf 80' lang='lat' dir='ltr'><strong>(aot</strong></span> <span class='ocrx_word' id='word_1_14' title='bbox 1020 806 1071 868; x_wconf 90' lang='lat' dir='ltr'><strong>ed.</strong></span> <span class='ocrx_word' id='word_1_15' title='bbox 1084 801 1169 889; x_wconf 79' lang='lat' dir='ltr'><strong>etp.)</strong></span> <span class='ocrx_word' id='word_1_16' title='bbox 1183 826 1192 867; x_wconf 89' lang='lat'><strong>:</strong></span> <span class='ocrx_word' id='word_1_17' title='bbox 1216 809 1382 870; x_wconf 76' lang='lat' dir='ltr'><strong>Montanus</strong></span> 
     </span>
     <span class='ocr_line' id='line_1_4' title="bbox 276 899 1379 985; baseline 0.005 -22"><span class='ocrx_word' id='word_1_18' title='bbox 276 902 436 974; x_wconf 85' lang='lat' dir='ltr'><strong>Votienus,</strong></span> <span class='ocrx_word' id='word_1_19' title='bbox 451 901 542 964; x_wconf 83' lang='lat' dir='ltr'><strong>homo</strong></span> <span class='ocrx_word' id='word_1_20' title='bbox 564 900 730 975; x_wconf 75' lang='lat' dir='ltr'>rarissimi,</span> <span class='ocrx_word' id='word_1_21' title='bbox 751 901 873 967; x_wconf 70' lang='lat' dir='ltr'><strong>etamsi</strong></span> <span class='ocrx_word' id='word_1_22' title='bbox 896 922 960 967; x_wconf 88' lang='lat' dir='ltr'><strong>non</strong></span> <span class='ocrx_word' id='word_1_23' title='bbox 980 899 1227 966; x_wconf 83' lang='lat' dir='ltr'><strong>emendatissimi</strong></span> <span class='ocrx_word' id='word_1_24' title='bbox 1249 906 1379 985; x_wconf 82' lang='lat' dir='ltr'><strong>ingenii,</strong></span> 
     </span>
     <span class='ocr_line' id='line_1_5' title="bbox 276 995 1384 1082; baseline 0.004 -20"><span class='ocrx_word' id='word_1_25' title='bbox 276 1000 388 1062; x_wconf 88' lang='lat' dir='ltr'><strong>vitium</strong></span> <span class='ocrx_word' id='word_1_26' title='bbox 403 1019 501 1075; x_wconf 86' lang='lat' dir='ltr'><strong>sunm,</strong></span> <span class='ocrx_word' id='word_1_27' title='bbox 519 1000 601 1082; x_wconf 85' lang='lat' dir='ltr'><strong>qnod</strong></span> <span class='ocrx_word' id='word_1_28' title='bbox 619 996 654 1060; x_wconf 90' lang='lat' dir='ltr'><strong>in</strong></span> <span class='ocrx_word' id='word_1_29' title='bbox 672 995 868 1061; x_wconf 87' lang='lat' dir='ltr'><strong>orationibus</strong></span> <span class='ocrx_word' id='word_1_30' title='bbox 888 1018 950 1061; x_wconf 93' lang='lat' dir='ltr'><strong>non</strong></span> <span class='ocrx_word' id='word_1_31' title='bbox 969 997 1121 1074; x_wconf 80' lang='lat' dir='ltr'><strong>evitabat,</strong></span> <span class='ocrx_word' id='word_1_32' title='bbox 1138 1000 1174 1062; x_wconf 91' lang='lat' dir='ltr'><strong>in</strong></span> <span class='ocrx_word' id='word_1_33' title='bbox 1191 1001 1384 1066; x_wconf 73' lang='lat' dir='ltr'><strong>scholasticis</strong></span> 
     </span>
     <span class='ocr_line' id='line_1_6' title="bbox 276 1092 1383 1180; baseline 0.005 -20"><span class='ocrx_word' id='word_1_34' title='bbox 276 1118 395 1179; x_wconf 85' lang='lat' dir='ltr'><strong>quoque</strong></span> <span class='ocrx_word' id='word_1_35' title='bbox 414 1100 536 1162; x_wconf 81' lang='lat' dir='ltr'><strong>evitare</strong></span> <span class='ocrx_word' id='word_1_36' title='bbox 552 1117 614 1161; x_wconf 90' lang='lat' dir='ltr'><strong>non</strong></span> <span class='ocrx_word' id='word_1_37' title='bbox 629 1092 742 1180; x_wconf 86' lang='lat' dir='ltr'><strong>potuit.</strong></span> <span class='ocrx_word' id='word_1_38' title='bbox 767 1096 829 1160; x_wconf 87' lang='lat' dir='ltr'><strong>Sed</strong></span> <span class='ocrx_word' id='word_1_39' title='bbox 845 1096 880 1158; x_wconf 92' lang='lat' dir='ltr'><strong>in</strong></span> <span class='ocrx_word' id='word_1_40' title='bbox 894 1097 1099 1170; x_wconf 84' lang='lat' dir='ltr'><strong>orationibus,</strong></span> <span class='ocrx_word' id='word_1_41' title='bbox 1122 1099 1194 1179; x_wconf 89' lang='lat' dir='ltr'><strong>quia</strong></span> <span class='ocrx_word' id='word_1_42' title='bbox 1214 1097 1318 1164; x_wconf 78' lang='lat' dir='ltr'><strong>laxior</strong></span> <span class='ocrx_word' id='word_1_43' title='bbox 1338 1118 1383 1164; x_wconf 88' lang='lat' dir='ltr'><strong>est</strong></span> 
     </span>
     <span class='ocr_line' id='line_1_7' title="bbox 277 1195 1383 1285; baseline 0.004 -23"><span class='ocrx_word' id='word_1_44' title='bbox 277 1200 428 1280; x_wconf 86' lang='lat' dir='ltr'><strong>materia,</strong></span> <span class='ocrx_word' id='word_1_45' title='bbox 442 1199 545 1262; x_wconf 88' lang='lat' dir='ltr'><strong>minus</strong></span> <span class='ocrx_word' id='word_1_46' title='bbox 560 1199 739 1265; x_wconf 85' lang='lat' dir='ltr'><strong>earumdem</strong></span> <span class='ocrx_word' id='word_1_47' title='bbox 753 1216 860 1261; x_wconf 87' lang='lat' dir='ltr'><strong>rerum</strong></span> <span class='ocrx_word' id='word_1_48' title='bbox 874 1200 1043 1261; x_wconf 84' lang='lat' dir='ltr'><strong>adnotatur</strong></span> <span class='ocrx_word' id='word_1_49' title='bbox 1058 1195 1250 1285; x_wconf 45' lang='lat' dir='ltr'><strong>iteratiolain</strong></span> <span class='ocrx_word' id='word_1_50' title='bbox 1265 1203 1383 1266; x_wconf 87' lang='lat' dir='ltr'><strong>schola·</strong></span> 
     </span>
     <span class='ocr_line' id='line_1_8' title="bbox 270 1294 1375 1383; baseline 0.005 -21"><span class='ocrx_word' id='word_1_51' title='bbox 270 1302 368 1377; x_wconf 86' lang='lat' dir='ltr'><strong>sticis,</strong></span> <span class='ocrx_word' id='word_1_52' title='bbox 384 1302 411 1364; x_wconf 83' lang='lat' dir='ltr'><strong>ti</strong></span> <span class='ocrx_word' id='word_1_53' title='bbox 425 1302 532 1364; x_wconf 87' lang='lat' dir='ltr'><strong>eadem</strong></span> <span class='ocrx_word' id='word_1_54' title='bbox 548 1312 620 1362; x_wconf 86' lang='lat' dir='ltr'><strong>sunt</strong></span> <span class='ocrx_word' id='word_1_55' title='bbox 633 1294 701 1381; x_wconf 79' lang='lat' dir='ltr'><strong>que</strong></span> <span class='ocrx_word' id='word_1_56' title='bbox 714 1299 872 1373; x_wconf 87' lang='lat' dir='ltr'><strong>dicuntur,</strong></span> <span class='ocrx_word' id='word_1_57' title='bbox 897 1301 969 1380; x_wconf 85' lang='lat' dir='ltr'><strong>qnia</strong></span> <span class='ocrx_word' id='word_1_58' title='bbox 990 1319 1090 1383; x_wconf 84' lang='lat' dir='ltr'><strong>panca</strong></span> <span class='ocrx_word' id='word_1_59' title='bbox 1111 1315 1194 1376; x_wconf 85' lang='lat' dir='ltr'><strong>sunt,</strong></span> <span class='ocrx_word' id='word_1_60' title='bbox 1212 1315 1375 1367; x_wconf 89' lang='lat' dir='ltr'><strong>notantur.</strong></span> 
     </span>
     <span class='ocr_line' id='line_1_9' title="bbox 270 1399 1375 1480; baseline 0.003 -16"><span class='ocrx_word' id='word_1_61' title='bbox 270 1403 400 1466; x_wconf 86' lang='lat' dir='ltr'><strong>Memini</strong></span> <span class='ocrx_word' id='word_1_62' title='bbox 421 1402 509 1466; x_wconf 88' lang='lat' dir='ltr'><strong>illum</strong></span> <span class='ocrx_word' id='word_1_63' title='bbox 529 1422 588 1480; x_wconf 83' lang='lat' dir='ltr'><strong>pto</strong></span> <span class='ocrx_word' id='word_1_64' title='bbox 606 1399 698 1460; x_wconf 82' lang='lat' dir='ltr'><strong>Galla</strong></span> <span class='ocrx_word' id='word_1_65' title='bbox 716 1399 855 1461; x_wconf 78' lang='lat' dir='ltr'><strong>Numisio</strong></span> <span class='ocrx_word' id='word_1_66' title='bbox 871 1403 955 1478; x_wconf 81' lang='lat' dir='ltr'><strong>opud</strong></span> <span class='ocrx_word' id='word_1_67' title='bbox 974 1407 1180 1462; x_wconf 77' lang='lat' dir='ltr'><strong>centumviros</strong></span> <span class='ocrx_word' id='word_1_68' title='bbox 1193 1403 1375 1469; x_wconf 87' lang='lat' dir='ltr'><strong>tirocinium</strong></span> 
     </span>
     <span class='ocr_line' id='line_1_10' title="bbox 269 1499 1374 1590; baseline 0.004 -24"><span class='ocrx_word' id='word_1_69' title='bbox 269 1524 398 1590; x_wconf 83' lang='lat' dir='ltr'><strong>ponere.</strong></span> <span class='ocrx_word' id='word_1_70' title='bbox 424 1506 470 1566; x_wconf 85' lang='lat' dir='ltr'><strong>Ex</strong></span> <span class='ocrx_word' id='word_1_71' title='bbox 485 1505 579 1568; x_wconf 89' lang='lat' dir='ltr'><strong>uncia</strong></span> <span class='ocrx_word' id='word_1_72' title='bbox 593 1503 685 1564; x_wconf 85' lang='lat' dir='ltr'><strong>heres</strong></span> <span class='ocrx_word' id='word_1_73' title='bbox 699 1513 769 1564; x_wconf 86' lang='lat' dir='ltr'><strong>erat</strong></span> <span class='ocrx_word' id='word_1_74' title='bbox 784 1502 881 1583; x_wconf 83' lang='lat' dir='ltr'><strong>patris</strong></span> <span class='ocrx_word' id='word_1_75' title='bbox 900 1499 948 1562; x_wconf 88' lang='lat' dir='ltr'><strong>sui</strong></span> <span class='ocrx_word' id='word_1_76' title='bbox 960 1503 1073 1568; x_wconf 85' lang='lat' dir='ltr'><strong>Galla:</strong></span> <span class='ocrx_word' id='word_1_77' title='bbox 1096 1501 1307 1584; x_wconf 84' lang='lat' dir='ltr'><strong>objiciebatur</strong></span> <span class='ocrx_word' id='word_1_78' title='bbox 1327 1508 1374 1570; x_wconf 92' lang='lat' dir='ltr'><strong>illi</strong></span> 
     </span>
    </p>

    <p class='ocr_par' dir='ltr' id='par_1_4' title="bbox 175 1592 1378 2667">
     <span class='ocr_line' id='line_1_11' title="bbox 175 1592 1378 1672; baseline 0.008 -10"><span class='ocrx_word' id='word_1_79' title='bbox 175 1592 242 1666; x_wconf 70' lang='lat'><strong>244</strong></span> <span class='ocrx_word' id='word_1_80' title='bbox 269 1604 454 1668; x_wconf 81' lang='lat' dir='ltr'><strong>veneficium</strong></span> <span class='ocrx_word' id='word_1_81' title='bbox 468 1627 475 1666; x_wconf 92' lang='lat'><strong>:</strong></span> <span class='ocrx_word' id='word_1_82' title='bbox 492 1602 572 1666; x_wconf 85' lang='lat' dir='ltr'><strong>dixit</strong></span> <span class='ocrx_word' id='word_1_83' title='bbox 587 1624 654 1666; x_wconf 88' lang='lat' dir='ltr'><strong>rem</strong></span> <span class='ocrx_word' id='word_1_84' title='bbox 668 1599 904 1666; x_wconf 77' lang='lat' dir='ltr'><strong>disertissimam</strong></span> <span class='ocrx_word' id='word_1_85' title='bbox 918 1615 950 1663; x_wconf 87' lang='lat' dir='ltr'><strong>et</strong></span> <span class='ocrx_word' id='word_1_86' title='bbox 967 1605 1113 1668; x_wconf 85' lang='lat' dir='ltr'><strong>omnibus</strong></span> <span class='ocrx_word' id='word_1_87' title='bbox 1125 1607 1238 1670; x_wconf 86' lang='lat' dir='ltr'><strong>seculis</strong></span> <span class='ocrx_word' id='word_1_88' title='bbox 1252 1611 1378 1672; x_wconf 86' lang='lat' dir='ltr'><strong>duratu-</strong></span> 
     </span>
     <span class='ocr_line' id='line_1_12' title="bbox 272 1703 1375 1789; baseline 0.006 -21"><span class='ocrx_word' id='word_1_89' title='bbox 272 1727 354 1783; x_wconf 88' lang='lat' dir='ltr'><strong>ram,</strong></span> <span class='ocrx_word' id='word_1_90' title='bbox 375 1709 449 1789; x_wconf 87' lang='lat' dir='ltr'><strong>qnia</strong></span> <span class='ocrx_word' id='word_1_91' title='bbox 470 1704 576 1770; x_wconf 87' lang='lat' dir='ltr'><strong>nescio</strong></span> <span class='ocrx_word' id='word_1_92' title='bbox 590 1727 630 1770; x_wconf 86' lang='lat' dir='ltr'><strong>an</strong></span> <span class='ocrx_word' id='word_1_93' title='bbox 644 1706 808 1786; x_wconf 80' lang='lat' dir='ltr'><strong>quicquam</strong></span> <span class='ocrx_word' id='word_1_94' title='bbox 829 1705 939 1768; x_wconf 89' lang='lat' dir='ltr'><strong>melius</strong></span> <span class='ocrx_word' id='word_1_95' title='bbox 960 1703 993 1768; x_wconf 92' lang='lat' dir='ltr'><strong>in</strong></span> <span class='ocrx_word' id='word_1_96' title='bbox 1015 1726 1052 1770; x_wconf 83' lang='lat' dir='ltr'><strong>eo</strong></span> <span class='ocrx_word' id='word_1_97' title='bbox 1074 1727 1191 1787; x_wconf 80' lang='lat' dir='ltr'>genere</span> <span class='ocrx_word' id='word_1_98' title='bbox 1212 1729 1375 1775; x_wconf 87' lang='lat' dir='ltr'><strong>causarum</strong></span> 
     </span>
     <span class='ocr_line' id='line_1_13' title="bbox 269 1804 1376 1886; baseline -0.005 -18"><span class='ocrx_word' id='word_1_99' title='bbox 269 1808 404 1870; x_wconf 86' lang='lat' dir='ltr'><strong>dictum:</strong></span> <span class='ocrx_word' id='word_1_100' title='bbox 425 1806 559 1868; x_wconf 86' lang='lat' dir='ltr'><strong>Unciom</strong></span> <span class='ocrx_word' id='word_1_101' title='bbox 572 1804 718 1886; x_wconf 78' lang='lat' dir='ltr'><strong>necfllt&#39;oe</strong></span> <span class='ocrx_word' id='word_1_102' title='bbox 732 1804 838 1862; x_wconf 74' lang='lat' dir='ltr'><strong>deberi</strong></span> <span class='ocrx_word' id='word_1_103' title='bbox 849 1823 905 1863; x_wconf 87' lang='lat' dir='ltr'><strong>nea</strong></span> <span class='ocrx_word' id='word_1_104' title='bbox 919 1806 1079 1886; x_wconf 74' lang='lat' dir='ltr'><strong>netttficae.</strong></span> <span class='ocrx_word' id='word_1_105' title='bbox 1096 1809 1164 1871; x_wconf 86' lang='lat' dir='ltr'><strong>Non</strong></span> <span class='ocrx_word' id='word_1_106' title='bbox 1177 1807 1237 1870; x_wconf 85' lang='lat' dir='ltr'><strong>tuit</strong></span> <span class='ocrx_word' id='word_1_107' title='bbox 1251 1825 1376 1874; x_wconf 87' lang='lat' dir='ltr'><strong>conten.</strong></span> 
     </span>
     <span class='ocr_line' id='line_1_14' title="bbox 268 1904 1377 1991; baseline 0.002 -19"><span class='ocrx_word' id='word_1_108' title='bbox 268 1921 328 1984; x_wconf 77' lang='lat' dir='ltr'><strong>lua,</strong></span> <span class='ocrx_word' id='word_1_109' title='bbox 343 1908 476 1991; x_wconf 81' lang='lat' dir='ltr'><strong>adjecit:</strong></span> <span class='ocrx_word' id='word_1_110' title='bbox 493 1908 532 1978; x_wconf 82' lang='lat' dir='ltr'><strong>In</strong></span> <span class='ocrx_word' id='word_1_111' title='bbox 543 1909 684 1983; x_wconf 79' lang='lat' dir='ltr'><strong>paternit</strong></span> <span class='ocrx_word' id='word_1_112' title='bbox 701 1904 903 1980; x_wconf 22' lang='lat' dir='ltr'><strong>tabulis-filiae</strong></span> <span class='ocrx_word' id='word_1_113' title='bbox 921 1905 1007 1968; x_wconf 85' lang='lat' dir='ltr'><strong>locus</strong></span> <span class='ocrx_word' id='word_1_114' title='bbox 1025 1922 1077 1968; x_wconf 86' lang='lat' dir='ltr'><strong>aut</strong></span> <span class='ocrx_word' id='word_1_115' title='bbox 1097 1930 1169 1969; x_wconf 82' lang='lat' dir='ltr'><strong>saus</strong></span> <span class='ocrx_word' id='word_1_116' title='bbox 1186 1910 1315 1971; x_wconf 82' lang='lat' dir='ltr'><strong>debetur</strong></span> <span class='ocrx_word' id='word_1_117' title='bbox 1325 1932 1377 1974; x_wconf 85' lang='lat' dir='ltr'><strong>ortt</strong></span> 
     </span>
     <span class='ocr_line' id='line_1_15' title="bbox 267 1998 1377 2084; baseline 0.005 -20"><span class='ocrx_word' id='word_1_118' title='bbox 267 2006 375 2074; x_wconf 80' lang='lat' dir='ltr'><strong>nullas,</strong></span> <span class='ocrx_word' id='word_1_119' title='bbox 398 2004 574 2064; x_wconf 78' lang='lat' dir='ltr'><strong>Etiamnum</strong></span> <span class='ocrx_word' id='word_1_120' title='bbox 596 1998 733 2084; x_wconf 82' lang='lat' dir='ltr'><strong>adjecit:</strong></span> <span class='ocrx_word' id='word_1_121' title='bbox 749 1999 907 2083; x_wconf 74' lang='lat' dir='ltr'><strong>Relinqat&#39;s</strong></span> <span class='ocrx_word' id='word_1_122' title='bbox 926 2007 1047 2062; x_wconf 78' lang='lat' dir='ltr'><strong>nocenti</strong></span> <span class='ocrx_word' id='word_1_123' title='bbox 1057 2009 1206 2079; x_wconf 79' lang='lat' dir='ltr'><strong>nimiam,</strong></span> <span class='ocrx_word' id='word_1_124' title='bbox 1224 2012 1377 2072; x_wconf 78' lang='lat' dir='ltr'><strong>innocenti</strong></span> 
     </span>
     <span class='ocr_line' id='line_1_16' title="bbox 263 2098 1375 2188; baseline 0.005 -28"><span class='ocrx_word' id='word_1_125' title='bbox 263 2123 388 2180; x_wconf 80' lang='lat' dir='ltr'><strong>param.</strong></span> <span class='ocrx_word' id='word_1_126' title='bbox 404 2102 452 2164; x_wconf 92' lang='lat' dir='ltr'><strong>Ne</strong></span> <span class='ocrx_word' id='word_1_127' title='bbox 463 2100 509 2162; x_wconf 90' lang='lat' dir='ltr'><strong>sic</strong></span> <span class='ocrx_word' id='word_1_128' title='bbox 524 2100 648 2179; x_wconf 88' lang='lat' dir='ltr'><strong>quidem</strong></span> <span class='ocrx_word' id='word_1_129' title='bbox 662 2099 778 2162; x_wconf 86' lang='lat' dir='ltr'><strong>satiare</strong></span> <span class='ocrx_word' id='word_1_130' title='bbox 791 2117 825 2158; x_wconf 87' lang='lat' dir='ltr'><strong>se</strong></span> <span class='ocrx_word' id='word_1_131' title='bbox 837 2099 949 2179; x_wconf 89' lang='lat' dir='ltr'><strong>potnit,</strong></span> <span class='ocrx_word' id='word_1_132' title='bbox 966 2098 1100 2182; x_wconf 82' lang='lat' dir='ltr'><strong>adjecit:</strong></span> <span class='ocrx_word' id='word_1_133' title='bbox 1113 2104 1185 2162; x_wconf 88' lang='lat' dir='ltr'><strong>Nan</strong></span> <span class='ocrx_word' id='word_1_134' title='bbox 1196 2107 1375 2188; x_wconf 75' lang='lat' dir='ltr'><strong>pateatstlt&#39;a</strong></span> 
     </span>
     <span class='ocr_line' id='line_1_17' title="bbox 264 2195 1378 2283; baseline 0.009 -25"><span class='ocrx_word' id='word_1_135' title='bbox 264 2215 328 2260; x_wconf 87' lang='lat' dir='ltr'><strong>tam</strong></span> <span class='ocrx_word' id='word_1_136' title='bbox 342 2213 470 2280; x_wconf 79' lang='lat' dir='ltr'><strong>anguste</strong></span> <span class='ocrx_word' id='word_1_137' title='bbox 484 2203 624 2276; x_wconf 83' lang='lat' dir='ltr'><strong>paternis</strong></span> <span class='ocrx_word' id='word_1_138' title='bbox 642 2197 751 2256; x_wconf 77' lang='lat' dir='ltr'><strong>tabulis</strong></span> <span class='ocrx_word' id='word_1_139' title='bbox 769 2195 941 2269; x_wconf 74' lang='lat' dir='ltr'><strong>adhaerere,</strong></span> <span class='ocrx_word' id='word_1_140' title='bbox 956 2221 1032 2283; x_wconf 79' lang='lat' dir='ltr'><strong>qaas</strong></span> <span class='ocrx_word' id='word_1_141' title='bbox 1052 2218 1107 2262; x_wconf 83' lang='lat' dir='ltr'><strong>ortt</strong></span> <span class='ocrx_word' id='word_1_142' title='bbox 1124 2217 1202 2264; x_wconf 82' lang='lat' dir='ltr'><strong>totas</strong></span> <span class='ocrx_word' id='word_1_143' title='bbox 1217 2208 1378 2283; x_wconf 80' lang='lat' dir='ltr'><strong>possidere</strong></span> 
     </span>
     <span class='ocr_line' id='line_1_18' title="bbox 263 2292 1371 2382; baseline 0.009 -28"><span class='ocrx_word' id='word_1_144' title='bbox 263 2296 350 2354; x_wconf 86' lang='lat' dir='ltr'><strong>debet</strong></span> <span class='ocrx_word' id='word_1_145' title='bbox 361 2308 414 2354; x_wconf 87' lang='lat' dir='ltr'><strong>aut</strong></span> <span class='ocrx_word' id='word_1_146' title='bbox 427 2307 507 2354; x_wconf 84' lang='lat' dir='ltr'><strong>totas</strong></span> <span class='ocrx_word' id='word_1_147' title='bbox 519 2293 660 2372; x_wconf 72' lang='lat' dir='ltr'><strong>perdere,</strong></span> <span class='ocrx_word' id='word_1_148' title='bbox 672 2305 703 2354; x_wconf 89' lang='lat' dir='ltr'><strong>et</strong></span> <span class='ocrx_word' id='word_1_149' title='bbox 715 2292 805 2374; x_wconf 86' lang='lat' dir='ltr'><strong>plura</strong></span> <span class='ocrx_word' id='word_1_150' title='bbox 816 2292 923 2366; x_wconf 88' lang='lat' dir='ltr'><strong>multo,</strong></span> <span class='ocrx_word' id='word_1_151' title='bbox 938 2314 1004 2375; x_wconf 71' lang='lat' dir='ltr'><strong>qum</strong></span> <span class='ocrx_word' id='word_1_152' title='bbox 1016 2299 1162 2360; x_wconf 80' lang='lat' dir='ltr'><strong>memorie</strong></span> <span class='ocrx_word' id='word_1_153' title='bbox 1176 2319 1239 2368; x_wconf 84' lang='lat' dir='ltr'><strong>non</strong></span> <span class='ocrx_word' id='word_1_154' title='bbox 1253 2317 1371 2382; x_wconf 85' lang='lat' dir='ltr'><strong>repeto.</strong></span> 
     </span>
     <span class='ocr_line' id='line_1_19' title="bbox 266 2389 1371 2478; baseline 0.005 -20"><span class='ocrx_word' id='word_1_155' title='bbox 266 2399 310 2458; x_wconf 81' lang='lat' dir='ltr'><strong>Ex</strong></span> <span class='ocrx_word' id='word_1_156' title='bbox 324 2395 363 2456; x_wconf 90' lang='lat' dir='ltr'><strong>iis</strong></span> <span class='ocrx_word' id='word_1_157' title='bbox 377 2395 516 2478; x_wconf 85' lang='lat' dir='ltr'><strong>quaedam</strong></span> <span class='ocrx_word' id='word_1_158' title='bbox 529 2394 563 2456; x_wconf 91' lang='lat' dir='ltr'><strong>in</strong></span> <span class='ocrx_word' id='word_1_159' title='bbox 577 2393 752 2456; x_wconf 86' lang='lat' dir='ltr'><strong>orationem</strong></span> <span class='ocrx_word' id='word_1_160' title='bbox 764 2389 897 2456; x_wconf 90' lang='lat' dir='ltr'><strong>contulit</strong></span> <span class='ocrx_word' id='word_1_161' title='bbox 910 2406 941 2456; x_wconf 89' lang='lat' dir='ltr'><strong>et</strong></span> <span class='ocrx_word' id='word_1_162' title='bbox 957 2397 1018 2461; x_wconf 87' lang='lat' dir='ltr'><strong>alia</strong></span> <span class='ocrx_word' id='word_1_163' title='bbox 1031 2398 1122 2478; x_wconf 90' lang='lat' dir='ltr'><strong>plura</strong></span> <span class='ocrx_word' id='word_1_164' title='bbox 1134 2417 1224 2478; x_wconf 86' lang='lat' dir='ltr'><strong>quam</strong></span> <span class='ocrx_word' id='word_1_165' title='bbox 1235 2401 1371 2475; x_wconf 79' lang='lat' dir='ltr'><strong>dixemt,</strong></span> 
     </span>
     <span class='ocr_line' id='line_1_20' title="bbox 267 2491 1373 2579; baseline 0.002 -17"><span class='ocrx_word' id='word_1_166' title='bbox 267 2495 391 2579; x_wconf 84' lang='lat' dir='ltr'><strong>adjecit.</strong></span> <span class='ocrx_word' id='word_1_167' title='bbox 410 2495 496 2560; x_wconf 85' lang='lat' dir='ltr'><strong>Nihil</strong></span> <span class='ocrx_word' id='word_1_168' title='bbox 510 2516 574 2558; x_wconf 91' lang='lat' dir='ltr'><strong>non</strong></span> <span class='ocrx_word' id='word_1_169' title='bbox 591 2515 630 2558; x_wconf 86' lang='lat' dir='ltr'><strong>ex</strong></span> <span class='ocrx_word' id='word_1_170' title='bbox 644 2491 683 2557; x_wconf 87' lang='lat' dir='ltr'><strong>iis</strong></span> <span class='ocrx_word' id='word_1_171' title='bbox 695 2496 810 2558; x_wconf 91' lang='lat' dir='ltr'><strong>bellum</strong></span> <span class='ocrx_word' id='word_1_172' title='bbox 824 2507 883 2570; x_wconf 89' lang='lat' dir='ltr'><strong>est,</strong></span> <span class='ocrx_word' id='word_1_173' title='bbox 902 2496 929 2558; x_wconf 88' lang='lat' dir='ltr'><strong>si</strong></span> <span class='ocrx_word' id='word_1_174' title='bbox 943 2497 1042 2560; x_wconf 89' lang='lat' dir='ltr'><strong>solum</strong></span> <span class='ocrx_word' id='word_1_175' title='bbox 1056 2500 1117 2562; x_wconf 88' lang='lat' dir='ltr'><strong>sit:</strong></span> <span class='ocrx_word' id='word_1_176' title='bbox 1136 2500 1212 2561; x_wconf 84' lang='lat' dir='ltr'><strong>nihil</strong></span> <span class='ocrx_word' id='word_1_177' title='bbox 1226 2521 1291 2564; x_wconf 90' lang='lat' dir='ltr'><strong>non</strong></span> <span class='ocrx_word' id='word_1_178' title='bbox 1303 2522 1373 2566; x_wconf 91' lang='lat' dir='ltr'><strong>rur·</strong></span> 
     </span>
     <span class='ocr_line' id='line_1_21' title="bbox 266 2597 1373 2667; baseline 0.005 -6"><span class='ocrx_word' id='word_1_179' title='bbox 266 2619 317 2664; x_wconf 83' lang='lat' dir='ltr'><strong>sus</strong></span> <span class='ocrx_word' id='word_1_180' title='bbox 327 2620 367 2661; x_wconf 80' lang='lat' dir='ltr'><strong>ex</strong></span> <span class='ocrx_word' id='word_1_181' title='bbox 378 2599 424 2662; x_wconf 89' lang='lat' dir='ltr'><strong>eis</strong></span> <span class='ocrx_word' id='word_1_182' title='bbox 434 2598 527 2661; x_wconf 85' lang='lat' dir='ltr'><strong>elteri</strong></span> <span class='ocrx_word' id='word_1_183' title='bbox 538 2597 679 2660; x_wconf 88' lang='lat' dir='ltr'><strong>obstat...</strong></span> <span class='ocrx_word' id='word_1_184' title='bbox 698 2597 801 2659; x_wconf 81' lang='lat' dir='ltr'>Habet</span> <span class='ocrx_word' id='word_1_185' title='bbox 813 2598 872 2660; x_wconf 88' lang='lat' dir='ltr'><strong>hoe</strong></span> <span class='ocrx_word' id='word_1_186' title='bbox 886 2600 1052 2662; x_wconf 82' lang='lat' dir='ltr'><strong>Montanus</strong></span> <span class='ocrx_word' id='word_1_187' title='bbox 1062 2599 1192 2664; x_wconf 88' lang='lat' dir='ltr'><strong>vitium:</strong></span> <span class='ocrx_word' id='word_1_188' title='bbox 1204 2603 1373 2667; x_wconf 87' lang='lat' dir='ltr'><strong>sententias</strong></span> 
     </span>
    </p>
   </div>
   <div class='ocr_carea' id='block_1_4' title="bbox 266 2695 1372 2878">
    <p class='ocr_par' dir='ltr' id='par_1_5' title="bbox 266 2695 1372 2878">
     <span class='ocr_line' id='line_1_22' title="bbox 266 2695 1372 2780; baseline 0.004 -20"><span class='ocrx_word' id='word_1_189' title='bbox 266 2718 337 2762; x_wconf 88' lang='lat' dir='ltr'><strong>snas</strong></span> <span class='ocrx_word' id='word_1_190' title='bbox 357 2698 529 2780; x_wconf 83' lang='lat' dir='ltr'><strong>repetendo</strong></span> <span class='ocrx_word' id='word_1_191' title='bbox 550 2695 739 2776; x_wconf 78' lang='lat' dir='ltr'><strong>corrumpit3</strong></span> <span class='ocrx_word' id='word_1_192' title='bbox 757 2696 829 2756; x_wconf 87' lang='lat' dir='ltr'><strong>dnm</strong></span> <span class='ocrx_word' id='word_1_193' title='bbox 853 2715 915 2759; x_wconf 89' lang='lat' dir='ltr'><strong>uon</strong></span> <span class='ocrx_word' id='word_1_194' title='bbox 938 2709 986 2758; x_wconf 89' lang='lat' dir='ltr'><strong>est</strong></span> <span class='ocrx_word' id='word_1_195' title='bbox 1006 2712 1171 2762; x_wconf 86' lang='lat' dir='ltr'><strong>contentus</strong></span> <span class='ocrx_word' id='word_1_196' title='bbox 1189 2721 1284 2763; x_wconf 82' lang='lat' dir='ltr'><strong>unam</strong></span> <span class='ocrx_word' id='word_1_197' title='bbox 1307 2723 1372 2766; x_wconf 89' lang='lat' dir='ltr'><strong>rem</strong></span> 
     </span>
     <span class='ocr_line' id='line_1_23' title="bbox 266 2790 1372 2878; baseline 0.003 -21"><span class='ocrx_word' id='word_1_198' title='bbox 266 2797 357 2858; x_wconf 82' lang='lat' dir='ltr'><strong>semel</strong></span> <span class='ocrx_word' id='word_1_199' title='bbox 370 2797 453 2857; x_wconf 88' lang='lat' dir='ltr'><strong>bene</strong></span> <span class='ocrx_word' id='word_1_200' title='bbox 467 2795 586 2864; x_wconf 87' lang='lat' dir='ltr'><strong>dicere,</strong></span> <span class='ocrx_word' id='word_1_201' title='bbox 606 2790 714 2864; x_wconf 86' lang='lat' dir='ltr'><strong>efficit,</strong></span> <span class='ocrx_word' id='word_1_202' title='bbox 738 2812 776 2852; x_wconf 89' lang='lat' dir='ltr'><strong>ne</strong></span> <span class='ocrx_word' id='word_1_203' title='bbox 797 2792 880 2853; x_wconf 87' lang='lat' dir='ltr'><strong>bene</strong></span> <span class='ocrx_word' id='word_1_204' title='bbox 903 2792 1027 2856; x_wconf 81' lang='lat' dir='ltr'><strong>dixerit.</strong></span> <span class='ocrx_word' id='word_1_205' title='bbox 1053 2797 1093 2856; x_wconf 87' lang='lat' dir='ltr'><strong>Et</strong></span> <span class='ocrx_word' id='word_1_206' title='bbox 1113 2809 1242 2878; x_wconf 88' lang='lat' dir='ltr'><strong>propter</strong></span> <span class='ocrx_word' id='word_1_207' title='bbox 1263 2798 1322 2860; x_wconf 91' lang='lat' dir='ltr'><strong>hoc</strong></span> <span class='ocrx_word' id='word_1_208' title='bbox 1341 2816 1372 2860; x_wconf 89' lang='lat' dir='ltr'><strong>et</strong></span> 
     </span>
    </p>
   </div>
   <div class='ocr_carea' id='block_1_5' title="bbox 264 2892 1374 3778">
    <p class='ocr_par' dir='ltr' id='par_1_6' title="bbox 266 2892 1371 3182">
     <span class='ocr_line' id='line_1_24' title="bbox 266 2892 1371 2978; baseline 0.002 -18"><span class='ocrx_word' id='word_1_209' title='bbox 266 2899 339 2974; x_wconf 88' lang='lat' dir='ltr'><strong>alia,</strong></span> <span class='ocrx_word' id='word_1_210' title='bbox 354 2897 464 2978; x_wconf 85' lang='lat' dir='ltr'><strong>quibus</strong></span> <span class='ocrx_word' id='word_1_211' title='bbox 486 2907 592 2958; x_wconf 89' lang='lat' dir='ltr'><strong>orator</strong></span> <span class='ocrx_word' id='word_1_212' title='bbox 611 2905 712 2976; x_wconf 88' lang='lat' dir='ltr'><strong>potest</strong></span> <span class='ocrx_word' id='word_1_213' title='bbox 732 2905 829 2974; x_wconf 86' lang='lat' dir='ltr'><strong>poetae</strong></span> <span class='ocrx_word' id='word_1_214' title='bbox 850 2894 958 2956; x_wconf 85' lang='lat' dir='ltr'><strong>similis</strong></span> <span class='ocrx_word' id='word_1_215' title='bbox 971 2892 1083 2972; x_wconf 85' lang='lat' dir='ltr'><strong>videri,</strong></span> <span class='ocrx_word' id='word_1_216' title='bbox 1100 2897 1220 2960; x_wconf 82' lang='lat' dir='ltr'><strong>salebat</strong></span> <span class='ocrx_word' id='word_1_217' title='bbox 1237 2899 1371 2963; x_wconf 87' lang='lat' dir='ltr'><strong>Scaurus</strong></span> 
     </span>
     <span class='ocr_line' id='line_1_25' title="bbox 267 2993 1371 3066; baseline 0.005 -6"><span class='ocrx_word' id='word_1_218' title='bbox 267 3001 446 3060; x_wconf 88' lang='lat' dir='ltr'><strong>Montanum</strong></span> <span class='ocrx_word' id='word_1_219' title='bbox 465 2997 551 3058; x_wconf 87' lang='lat' dir='ltr'><strong>inter</strong></span> <span class='ocrx_word' id='word_1_220' title='bbox 570 3007 712 3057; x_wconf 89' lang='lat' dir='ltr'><strong>oratores</strong></span> <span class='ocrx_word' id='word_1_221' title='bbox 726 2993 870 3058; x_wconf 89' lang='lat' dir='ltr'><strong>Ovidium</strong></span> <span class='ocrx_word' id='word_1_222' title='bbox 886 3017 1011 3059; x_wconf 86' lang='lat' dir='ltr'><strong>vocare.</strong></span> <span class='ocrx_word' id='word_1_223' title='bbox 1035 2999 1114 3060; x_wconf 90' lang='lat' dir='ltr'><strong>Nam</strong></span> <span class='ocrx_word' id='word_1_224' title='bbox 1130 3014 1162 3061; x_wconf 91' lang='lat' dir='ltr'><strong>et</strong></span> <span class='ocrx_word' id='word_1_225' title='bbox 1175 2998 1306 3064; x_wconf 87' lang='lat' dir='ltr'><strong>Ovidius</strong></span> <span class='ocrx_word' id='word_1_226' title='bbox 1321 3023 1371 3066; x_wconf 89' lang='lat' dir='ltr'><strong>ne·</strong></span> 
     </span>
     <span class='ocr_line' id='line_1_26' title="bbox 266 3082 1024 3182; baseline -0.004 -21"><span class='ocrx_word' id='word_1_227' title='bbox 266 3101 336 3171; x_wconf 88' lang='lat' dir='ltr'><strong>scit,</strong></span> <span class='ocrx_word' id='word_1_228' title='bbox 351 3101 430 3182; x_wconf 91' lang='lat' dir='ltr'><strong>quod</strong></span> <span class='ocrx_word' id='word_1_229' title='bbox 443 3098 524 3160; x_wconf 86' lang='lat' dir='ltr'><strong>bene</strong></span> <span class='ocrx_word' id='word_1_230' title='bbox 539 3095 641 3172; x_wconf 87' lang='lat' dir='ltr'><strong>cessit,</strong></span> <span class='ocrx_word' id='word_1_231' title='bbox 653 3082 847 3177; x_wconf 74' lang='lat' dir='ltr'><strong>relinquere.</strong></span> <span class='ocrx_word' id='word_1_232' title='bbox 1009 3089 1024 3104; x_wconf 62' lang='lat'><strong>&#39;¹</strong></span> 
     </span>
    </p>

    <p class='ocr_par' dir='ltr' id='par_1_7' title="bbox 264 3181 1374 3778">
     <span class='ocr_line' id='line_1_27' title="bbox 309 3181 1372 3282; baseline 0.003 -21"><span class='ocrx_word' id='word_1_233' title='bbox 309 3200 421 3262; x_wconf 87' lang='lat' dir='ltr'><strong>Senec.</strong></span> <span class='ocrx_word' id='word_1_234' title='bbox 441 3196 593 3260; x_wconf 82' lang='lat' dir='ltr'><strong>Contror.</strong></span> <span class='ocrx_word' id='word_1_235' title='bbox 614 3195 674 3269; x_wconf 88' lang='lat'><strong>111,</strong></span> <span class='ocrx_word' id='word_1_236' title='bbox 694 3181 748 3267; x_wconf 77' lang='lat'><strong>2&#39;0,</strong></span> <span class='ocrx_word' id='word_1_237' title='bbox 770 3219 801 3278; x_wconf 92' lang='lat' dir='ltr'><strong>p.</strong></span> <span class='ocrx_word' id='word_1_238' title='bbox 824 3194 885 3258; x_wconf 78' lang='lat' dir='ltr'><strong>tat</strong></span> <span class='ocrx_word' id='word_1_239' title='bbox 903 3195 914 3277; x_wconf 87' lang='lat'>(</span> <span class='ocrx_word' id='word_1_240' title='bbox 920 3217 952 3278; x_wconf 88' lang='lat' dir='ltr'><strong>p.</strong></span> <span class='ocrx_word' id='word_1_241' title='bbox 965 3184 1027 3262; x_wconf 79' lang='lat'><strong>239</strong></span> <span class='ocrx_word' id='word_1_242' title='bbox 1042 3201 1090 3266; x_wconf 82' lang='lat' dir='ltr'><strong>ed·</strong></span> <span class='ocrx_word' id='word_1_243' title='bbox 1107 3199 1212 3282; x_wconf 60' lang='lat' dir='ltr'><strong>Ripa:</strong></span> <span class='ocrx_word' id='word_1_244' title='bbox 1232 3202 1372 3266; x_wconf 86' lang='lat' dir='ltr'><strong>Vinicius</strong></span> 
     </span>
     <span class='ocr_line' id='line_1_28' title="bbox 266 3289 1369 3386; baseline 0.001 -27"><span class='ocrx_word' id='word_1_245' title='bbox 266 3291 453 3359; x_wconf 84' lang='lat' dir='ltr'><strong>exactissimi</strong></span> <span class='ocrx_word' id='word_1_246' title='bbox 465 3293 516 3357; x_wconf 80' lang='lat' dir='ltr'><strong>vir</strong></span> <span class='ocrx_word' id='word_1_247' title='bbox 529 3289 659 3373; x_wconf 82' lang='lat' dir='ltr'><strong>ingenii,</strong></span> <span class='ocrx_word' id='word_1_248' title='bbox 679 3294 731 3373; x_wconf 88' lang='lat' dir='ltr'><strong>qui</strong></span> <span class='ocrx_word' id='word_1_249' title='bbox 748 3290 806 3354; x_wconf 84' lang='lat' dir='ltr'><strong>nec</strong></span> <span class='ocrx_word' id='word_1_250' title='bbox 818 3293 924 3355; x_wconf 78' lang='lat' dir='ltr'><strong>dicere</strong></span> <span class='ocrx_word' id='word_1_251' title='bbox 939 3315 990 3358; x_wconf 90' lang='lat' dir='ltr'><strong>res</strong></span> <span class='ocrx_word' id='word_1_252' title='bbox 1003 3297 1131 3386; x_wconf 48' lang='lat' dir='ltr'><strong>ineptas¹</strong></span> <span class='ocrx_word' id='word_1_253' title='bbox 1144 3317 1203 3359; x_wconf 88' lang='lat' dir='ltr'><strong>nec</strong></span> <span class='ocrx_word' id='word_1_254' title='bbox 1217 3298 1302 3360; x_wconf 82' lang='lat' dir='ltr'><strong>ferre</strong></span> <span class='ocrx_word' id='word_1_255' title='bbox 1316 3319 1369 3384; x_wconf 87' lang='lat' dir='ltr'><strong>po·</strong></span> 
     </span>
     <span class='ocr_line' id='line_1_29' title="bbox 264 3391 1371 3483; baseline 0.004 -26"><span class='ocrx_word' id='word_1_256' title='bbox 264 3407 360 3469; x_wconf 86' lang='lat' dir='ltr'><strong>terat,</strong></span> <span class='ocrx_word' id='word_1_257' title='bbox 382 3391 501 3456; x_wconf 88' lang='lat' dir='ltr'><strong>solebat</strong></span> <span class='ocrx_word' id='word_1_258' title='bbox 519 3393 602 3452; x_wconf 92' lang='lat' dir='ltr'><strong>hanc</strong></span> <span class='ocrx_word' id='word_1_259' title='bbox 622 3391 807 3483; x_wconf 84' lang='lat' dir='ltr'><strong>sententiam</strong></span> <span class='ocrx_word' id='word_1_260' title='bbox 821 3391 949 3454; x_wconf 86' lang='lat' dir='ltr'><strong>Seniani</strong></span> <span class='ocrx_word' id='word_1_261' title='bbox 963 3395 1106 3456; x_wconf 87' lang='lat' dir='ltr'><strong>deridere</strong></span> <span class='ocrx_word' id='word_1_262' title='bbox 1125 3408 1157 3457; x_wconf 90' lang='lat' dir='ltr'><strong>et</strong></span> <span class='ocrx_word' id='word_1_263' title='bbox 1171 3391 1304 3460; x_wconf 89' lang='lat' dir='ltr'><strong>similem</strong></span> <span class='ocrx_word' id='word_1_264' title='bbox 1325 3395 1371 3461; x_wconf 92' lang='lat' dir='ltr'><strong>illi</strong></span> 
     </span>
     <span class='ocr_line' id='line_1_30' title="bbox 264 3491 1372 3578; baseline 0.001 -20"><span class='ocrx_word' id='word_1_265' title='bbox 264 3495 384 3560; x_wconf 78' lang='lat' dir='ltr'><strong>referre</strong></span> <span class='ocrx_word' id='word_1_266' title='bbox 404 3493 437 3556; x_wconf 92' lang='lat' dir='ltr'><strong>in</strong></span> <span class='ocrx_word' id='word_1_267' title='bbox 460 3491 603 3555; x_wconf 88' lang='lat' dir='ltr'><strong>oratione</strong></span> <span class='ocrx_word' id='word_1_268' title='bbox 616 3491 733 3554; x_wconf 87' lang='lat' dir='ltr'><strong>dictam</strong></span> <span class='ocrx_word' id='word_1_269' title='bbox 747 3493 888 3578; x_wconf 80' lang='lat' dir='ltr'><strong>Montani</strong></span> <span class='ocrx_word' id='word_1_270' title='bbox 900 3492 1046 3556; x_wconf 87' lang='lat' dir='ltr'><strong>Votieni:</strong></span> <span class='ocrx_word' id='word_1_271' title='bbox 1065 3539 1129 3556; x_wconf 91' lang='grc'><strong>.....</strong></span> <span class='ocrx_word' id='word_1_272' title='bbox 1147 3494 1234 3559; x_wconf 78' lang='lat' dir='ltr'><strong>Acte</strong></span> <span class='ocrx_word' id='word_1_273' title='bbox 1247 3504 1372 3559; x_wconf 79' lang='lat' dir='ltr'><strong>omnino</strong></span> 
     </span>
     <span class='ocr_line' id='line_1_31' title="bbox 264 3592 1374 3678; baseline 0.002 -21"><span class='ocrx_word' id='word_1_274' title='bbox 264 3611 294 3657; x_wconf 92' lang='lat' dir='ltr'><strong>et</strong></span> <span class='ocrx_word' id='word_1_275' title='bbox 306 3609 521 3674; x_wconf 78' lang='lat' dir='ltr'><strong>experrectum</strong></span> <span class='ocrx_word' id='word_1_276' title='bbox 535 3607 581 3652; x_wconf 85' lang='lat' dir='ltr'><strong>est</strong></span> <span class='ocrx_word' id='word_1_277' title='bbox 595 3592 714 3656; x_wconf 83' lang='lat' dir='ltr'><strong>animal</strong></span> <span class='ocrx_word' id='word_1_278' title='bbox 724 3593 823 3666; x_wconf 83' lang='lat' dir='ltr'><strong>canis,</strong></span> <span class='ocrx_word' id='word_1_279' title='bbox 841 3597 942 3678; x_wconf 83' lang='lat' dir='ltr'><strong>utique</strong></span> <span class='ocrx_word' id='word_1_280' title='bbox 956 3599 1127 3658; x_wconf 81' lang='lat' dir='ltr'><strong>catenarius</strong></span> <span class='ocrx_word' id='word_1_281' title='bbox 1138 3612 1281 3675; x_wconf 80' lang='lat' dir='ltr'><strong>paratus.</strong></span> <span class='ocrx_word' id='word_1_282' title='bbox 1296 3599 1374 3662; x_wconf 85' lang='lat' dir='ltr'><strong>Erat</strong></span> 
     </span>
     <span class='ocr_line' id='line_1_32' title="bbox 264 3691 1371 3778; baseline -0.001 -19"><span class='ocrx_word' id='word_1_283' title='bbox 264 3709 366 3760; x_wconf 84' lang='lat' dir='ltr'><strong>autem</strong></span> <span class='ocrx_word' id='word_1_284' title='bbox 380 3715 443 3757; x_wconf 90' lang='lat' dir='ltr'><strong>non</strong></span> <span class='ocrx_word' id='word_1_285' title='bbox 457 3713 561 3778; x_wconf 76' lang='lat' dir='ltr'><strong>aequus</strong></span> <span class='ocrx_word' id='word_1_286' title='bbox 575 3691 634 3776; x_wconf 89' lang='lat' dir='ltr'><strong>ipsi</strong></span> <span class='ocrx_word' id='word_1_287' title='bbox 642 3691 791 3753; x_wconf 87' lang='lat' dir='ltr'><strong>Montano</strong></span> <span class='ocrx_word' id='word_1_288' title='bbox 801 3713 809 3754; x_wconf 73' lang='grc' dir='ltr'><strong><em>ι</em></strong></span> <span class='ocrx_word' id='word_1_289' title='bbox 821 3708 1015 3752; x_wconf 81' lang='lat' dir='ltr'><strong>accusaverat</strong></span> <span class='ocrx_word' id='word_1_290' title='bbox 1024 3693 1111 3756; x_wconf 86' lang='lat' dir='ltr'><strong>illum</strong></span> <span class='ocrx_word' id='word_1_291' title='bbox 1120 3698 1204 3774; x_wconf 81' lang='lat' dir='ltr'><strong>apud</strong></span> <span class='ocrx_word' id='word_1_292' title='bbox 1211 3697 1371 3758; x_wconf 66' lang='lat' dir='ltr'><strong>Caesarem</strong></span> 
     </span>
    </p>
   </div>
   <div class='ocr_carea' id='block_1_6' title="bbox 262 3783 1369 4061">
    <p class='ocr_par' dir='ltr' id='par_1_8' title="bbox 262 3783 1369 4061">
     <span class='ocr_line' id='line_1_33' title="bbox 263 3783 1369 3870; baseline 0.004 -12"><span class='ocrx_word' id='word_1_293' title='bbox 263 3823 283 3858; x_wconf 87' lang='lat' dir='ltr'><strong>a</strong></span> <span class='ocrx_word' id='word_1_294' title='bbox 297 3796 417 3859; x_wconf 83' lang='lat' dir='ltr'><strong>colonia</strong></span> <span class='ocrx_word' id='word_1_295' title='bbox 430 3793 626 3856; x_wconf 78' lang='lat' dir='ltr'><strong>Narbonensi</strong></span> <span class='ocrx_word' id='word_1_296' title='bbox 639 3783 761 3870; x_wconf 69' lang='lat' dir='ltr'><strong>rogatas</strong></span> <span class='ocrx_word' id='word_1_297' title='bbox 762 3815 777 3868; x_wconf 92' lang='lat'><strong>,·</strong></span> <span class='ocrx_word' id='word_1_298' title='bbox 788 3805 821 3854; x_wconf 90' lang='lat' dir='ltr'><strong>at</strong></span> <span class='ocrx_word' id='word_1_299' title='bbox 828 3793 994 3856; x_wconf 89' lang='lat' dir='ltr'><strong>Montanus</strong></span> <span class='ocrx_word' id='word_1_300' title='bbox 1004 3796 1080 3858; x_wconf 89' lang='lat' dir='ltr'><strong>adeo</strong></span> <span class='ocrx_word' id='word_1_301' title='bbox 1091 3808 1157 3860; x_wconf 86' lang='lat' dir='ltr'><strong>toto</strong></span> <span class='ocrx_word' id='word_1_302' title='bbox 1167 3797 1269 3860; x_wconf 88' lang='lat' dir='ltr'><strong>animo</strong></span> <span class='ocrx_word' id='word_1_303' title='bbox 1278 3799 1369 3862; x_wconf 86' lang='lat' dir='ltr'><strong>scho-</strong></span> 
     </span>
     <span class='ocr_line' id='line_1_34' title="bbox 262 3888 1366 3974; baseline 0.003 -17"><span class='ocrx_word' id='word_1_304' title='bbox 262 3891 389 3959; x_wconf 88' lang='lat' dir='ltr'><strong>lasticus</strong></span> <span class='ocrx_word' id='word_1_305' title='bbox 399 3903 480 3963; x_wconf 89' lang='lat' dir='ltr'><strong>erat,</strong></span> <span class='ocrx_word' id='word_1_306' title='bbox 499 3903 533 3951; x_wconf 92' lang='lat' dir='ltr'><strong>ut</strong></span> <span class='ocrx_word' id='word_1_307' title='bbox 544 3890 651 3951; x_wconf 87' lang='lat' dir='ltr'><strong>eodem</strong></span> <span class='ocrx_word' id='word_1_308' title='bbox 662 3888 723 3961; x_wconf 90' lang='lat' dir='ltr'><strong>die,</strong></span> <span class='ocrx_word' id='word_1_309' title='bbox 735 3910 795 3970; x_wconf 90' lang='lat' dir='ltr'><strong>quo</strong></span> <span class='ocrx_word' id='word_1_310' title='bbox 810 3903 969 3952; x_wconf 86' lang='lat' dir='ltr'><strong>accusatus</strong></span> <span class='ocrx_word' id='word_1_311' title='bbox 980 3891 1132 3957; x_wconf 83' lang='lat' dir='ltr'><strong>aVinicio</strong></span> <span class='ocrx_word' id='word_1_312' title='bbox 1139 3896 1366 3974; x_wconf 81' lang='lat' dir='ltr'><strong>decertaverit,</strong></span> 
     </span>
     <span class='ocr_line' id='line_1_35' title="bbox 262 3990 1033 4061; baseline -0.006 0"><span class='ocrx_word' id='word_1_313' title='bbox 262 3993 425 4061; x_wconf 86' lang='lat' dir='ltr'><strong>inVinicii</strong></span> <span class='ocrx_word' id='word_1_314' title='bbox 436 3991 592 4054; x_wconf 85' lang='lat' dir='ltr'><strong>actionem</strong></span> <span class='ocrx_word' id='word_1_315' title='bbox 603 3991 774 4052; x_wconf 86' lang='lat' dir='ltr'><strong>sententias</strong></span> <span class='ocrx_word' id='word_1_316' title='bbox 784 4010 854 4053; x_wconf 89' lang='lat' dir='ltr'><strong>snas</strong></span> <span class='ocrx_word' id='word_1_317' title='bbox 865 3990 1033 4056; x_wconf 81' lang='lat' dir='ltr'><strong>referebat.</strong></span> 
     </span>
    </p>
   </div>
   <div class='ocr_carea' id='block_1_7' title="bbox 296 4105 1366 4286">
    <p class='ocr_par' dir='ltr' id='par_1_9' title="bbox 296 4105 1366 4286">
     <span class='ocr_line' id='line_1_36' title="bbox 296 4105 1366 4202; baseline 0.004 -22"><span class='ocrx_word' id='word_1_318' title='bbox 296 4127 369 4202; x_wconf 78' lang='lat' dir='ltr'><strong>apud</strong></span> <span class='ocrx_word' id='word_1_319' title='bbox 380 4126 520 4190; x_wconf 76' lang='lat' dir='ltr'><strong>Cererem]</strong></span> <span class='ocrx_word' id='word_1_320' title='bbox 535 4122 680 4188; x_wconf 82' lang='lat' dir='ltr'><strong>Tiberium,</strong></span> <span class='ocrx_word' id='word_1_321' title='bbox 695 4135 726 4175; x_wconf 88' lang='lat' dir='ltr'><strong>ut</strong></span> <span class='ocrx_word' id='word_1_322' title='bbox 738 4143 769 4176; x_wconf 84' lang='lat' dir='ltr'><strong>er</strong></span> <span class='ocrx_word' id='word_1_323' title='bbox 783 4124 938 4197; x_wconf 82' lang='lat' dir='ltr'><strong>Hieronymi</strong></span> <span class='ocrx_word' id='word_1_324' title='bbox 953 4127 1020 4191; x_wconf 88' lang='lat' dir='ltr'><strong>loco,</strong></span> <span class='ocrx_word' id='word_1_325' title='bbox 1035 4145 1113 4199; x_wconf 87' lang='lat' dir='ltr'><strong>quem</strong></span> <span class='ocrx_word' id='word_1_326' title='bbox 1125 4105 1185 4182; x_wconf 82' lang='lat' dir='ltr'><strong>mox</strong></span> <span class='ocrx_word' id='word_1_327' title='bbox 1198 4131 1297 4198; x_wconf 85' lang='lat' dir='ltr'><strong>citabo,</strong></span> <span class='ocrx_word' id='word_1_328' title='bbox 1311 4132 1366 4186; x_wconf 87' lang='lat' dir='ltr'><strong>col·</strong></span> 
     </span>
     <span class='ocr_line' id='line_1_37' title="bbox 330 4215 448 4286; baseline -0.017 -20"><span class='ocrx_word' id='word_1_329' title='bbox 330 4215 448 4286; x_wconf 82' lang='lat' dir='ltr'><strong>ligimus.</strong></span> 
     </span>
    </p>
   </div>
   <div class='ocr_carea' id='block_1_8' title="bbox 0 0 1482 4840">
    <p class='ocr_par' dir='ltr' id='par_1_10' title="bbox 0 0 1482 4840">
     <span class='ocr_line' id='line_1_38' title="bbox 0 0 1482 4840; baseline 0 3"><span class='ocrx_word' id='word_1_330' title='bbox 0 0 1482 4840; x_wconf 95' lang='lat' dir='ltr'><strong> </strong></span> 
     </span>
    </p>
   </div>
  </div>
 </body>
</html>
