2954 4840
627 351 696 422 329

114 489 239 554 transiit
261 509 280 549 a
302 485 400 550 causis
422 487 547 568 agendis
570 490 610 551 ad
628 489 678 572 jus
699 488 808 562 civile,
833 483 964 547 maxime
986 495 1147 567 postquam
1165 488 1206 568 Q.
1236 536 1302 610 211

17 639 19 642 -
116 595 277 673 Ligarium
291 595 450 664 accusavit,
467 611 526 653 uec
540 588 676 653 obtinuit
691 591 772 674 apud
785 587 821 653 C.
838 586 1049 651 Caesarem.-
1062 589 1092 648 ls
1106 599 1154 650 est
1167 588 1207 670 Q.

114 692 266 773 Ligarius,
288 692 354 772 qui,
377 710 447 754 cum
460 691 575 754 Africae
589 712 675 754 oram
691 703 824 762 teneret,
847 688 1004 752 infirmum
1017 689 1213 750 Tuberonem

115 790 274 872 applicare
295 807 359 849 non
380 786 534 870 permisit,
552 793 610 852 nec
627 809 738 871 aquam
757 783 897 860 haurire,
921 806 980 868 quo
1001 787 1126 849 nomine
1144 805 1213 846 eum

116 889 283 964 accusavit,
300 903 331 950 et
340 887 450 952 Cicero
467 890 615 954 defendit.
624 927 665 938 -
679 889 802 952 Tubero
819 877 1013 950 doctissimus
1027 888 1149 972 quidem
1162 889 1218 948 ha·

116 987 200 1048 bitus
213 1000 259 1048 est
270 985 351 1067 juris
365 987 484 1069 publici
505 1001 535 1050 et
553 989 682 1071 privati,
698 1002 730 1050 et
745 989 921 1068 complures
936 988 1094 1070 utriusque
1115 985 1218 1069 operis

117 1083 213 1147 libros
228 1083 363 1166 reliquit.
387 1085 538 1149 Sermone
551 1087 648 1149 etiam
668 1088 795 1167 antiquo
811 1105 882 1148 usus
896 1084 1052 1146 affectavit
1066 1082 1215 1158 scribere,

119 1194 150 1242 et
163 1181 231 1244 ideo
245 1199 355 1264 parum
369 1183 434 1266 ejus
449 1181 525 1245 libri
539 1181 621 1262 grati
636 1183 802 1246 habentur.

360 1364 577 1443 LXXXVII.
606 1372 648 1444 C.
678 1375 821 1488 Asinius
848 1372 975 1445 Pollio.

166 1581 261 1642 Natus
273 1599 355 1642 anno
370 1580 466 1646 Urbis
478 1581 550 1656 678,
571 1583 762 1642 consulatum
773 1581 868 1660 gessit
879 1603 908 1642 a.
928 1583 1004 1656 113,
1021 1603 1059 1643 ac
1073 1601 1163 1663 paene
1183 1581 1223 1643 ad

124 1691 296 1741 extremum
305 1679 435 1755 Augusti
451 1677 660 1758 principatum
669 1679 805 1740 duravit.
817 1679 900 1740 Dial.
918 1681 956 1739 de
972 1692 1063 1740 oratt.
1080 1701 1110 1742 c.
1128 1683 1178 1742 11.

168 1773 300 1858 Quintil.
322 1775 351 1834 X
364 1795 387 1851 ‚¹
403 1778 436 1852 l,
461 1775 520 1836 113
541 1797 550 1836 t
580 1775 676 1837 Multa
699 1774 733 1838 in
763 1773 870 1840 Asinio
893 1773 1034 1839 Pollione
1059 1778 1222 1856 inventio,

126 1897 245 1941 summa
264 1875 436 1958 diligentia,
453 1879 579 1940 adeunt
598 1876 779 1958 quibusdam
801 1878 894 1942 etiam
910 1877 1007 1940 nimia
1021 1879 1174 1955 videatur,
1193 1891 1225 1943 et
1313 1919 1317 1926 -

129 1972 251 2040 consilii
261 1987 293 2036 et
306 1975 402 2036 animi
417 1974 502 2050 satis,
519 1974 650 2037 anitore
662 1987 693 2036 et
704 1973 898 2057 jucunditate
910 1975 1071 2038 Ciceronis
1081 1977 1126 2038 ita
1134 1979 1225 2056 longe

130 2076 229 2150 abest,
244 2087 278 2136 ut
291 2073 392 2137 videri
402 2072 498 2156 possit
511 2074 620 2137 saeculo
635 2074 731 2156 prior.
947 2077 948 2082 ’
1069 2087 1071 2094 ·

172 2175 282 2238 Senes.
300 2175 377 2235 Exc.
400 2171 549 2234 Controv.
570 2168 645 2234 libri
660 2174 714 2244 IV,
731 2169 819 2253 praef.
836 2191 868 2253 p.
888 2171 1085 2236 flieronis
1103 2173 1228 2256 Asinius

131 2271 268 2337 floridior
288 2286 358 2336 erat
381 2274 538 2354 aliquanto
562 2271 596 2334 in
616 2271 823 2336 declamando
840 2295 931 2354 quam
950 2275 982 2335 in
999 2276 1129 2352 agendo.
1148 2276 1228 2337 lllud

131 2374 273 2437 strictum
293 2371 358 2453 ejus
373 2382 404 2431 et
425 2390 566 2453 asperum
586 2382 617 2430 et
642 2361 736 2431 nimis
761 2380 862 2430 ratum
877 2367 911 2430 in
933 2371 1066 2433 dicendo
1077 2370 1228 2453 judicium

133 2475 209 2538 'adeo
219 2473 370 2548 cessabat,
387 2474 464 2534 utin
477 2472 581 2532 multis
594 2471 641 2533 illi
654 2469 745 2532 venia
766 2475 841 2550 opus'
855 2474 947 2544 esset,
964 2483 1029 2552 qu'ae
1042 2472 1082 2532 ab
1094 2473 1160 2552 ipso
1176 2473 1230 2535 vix

132 2573 372 2656 impetrabatur.
461 2583 463 2588 “
519 2575 521 2580 ’
924 2579 927 2586 ’

85 2683 87 2686 ’
176 2673 259 2735 Dial.
273 2674 311 2734 de
324 2657 416 2736 oratt.
433 2693 461 2735 c.
476 2673 513 2734 21
532 2693 540 2733 a
557 2662 694 2743 Asinius,
711 2691 894 2753 quamquam
906 2670 1102 2758 propioribus
1114 2683 1229 2754 tempo·

136 2768 224 2832 ribus
238 2782 328 2832 natus
337 2771 389 2841 sit,
406 2771 530 2832 videtur
540 2767 617 2831 mihi
628 2770 712 2831 inter
726 2768 885 2830 Menenios
896 2760 928 2829 et
940 2764 1055 2852 Appios
1068 2768 1232 2830 studuisse.

136 2865 306 2932 Pacuvium
320 2878 405 2929 certe
416 2880 447 2930 et
463 2869 589 2931 Accium
602 2887 665 2931 non
678 2865 776 2929 solum
795 2867 964 2946 tragoediis,
983 2868 1035 2928 sed
1053 2867 1147 2930 etiam
1165 2886 1232 2929 ora·

136 2962 274 3026 tionibus
285 2965 347 3026 suis
360 2965 530 3045 expressit't
547 2967 623 3028 adeo
639 2967 733 3026 durus
745 2976 777 3026 et
791 2959 892 3027 siccus
906 2977 962 3028 est.
979 2965 980 2972 ’

136 3083 139 3090 ⁴
176 3105 321 3169 Menenios]
341 3100 482 3155 Menenius
495 3102 619 3174 Agrippa,
638 3103 685 3172 qui
699 3103 821 3154 facundia
838 3117 887 3155 sua
900 3093 1005 3174 plebem
1026 3103 1236 3158 in'concordiam

209 3187 351 3238 reduxerat
362 3205 386 3237 a.
398 3186 431 3238 tt.
447 3185 509 3237 259.
521 3183 599 3236 conf.
613 3185 707 3236 Livius
718 3185 753 3248 ll,
769 3187 812 3239 39.

178 3309 293 3382 Appios]
312 3311 415 3382 Appius
427 3309 530 3368 Caecus,
543 3309 589 3377 qui
602 3299 687 3360 foedus
701 3307 796 3378 Pyrrhi
809 3307 935 3362 dissuasit
944 3327 968 3362 a.
983 3313 1019 3384 U.¹
1033 3311 1093 3362 113.

538 3561 541 3566 ,
600 3508 792 3552 nutrioris:

192 3685 220 3746 1.
245 3683 327 3746 Dial.
344 3685 392 3746 De
406 3695 500 3756 oratt,
518 3683 557 3744 34
572 3704 580 3742 ε
596 3682 703 3744 Altero
717 3682 905 3746 etvicesimo
925 3703 1007 3744 anuo
1028 3681 1158 3747 Asinius
1173 3686 1242 3749 Pol-

84 3857 85 3865 *
148 3783 191 3846 lio
214 3781 248 3842 C.
270 3781 415 3840 Catonem
434 3785 651 3841 insecutorem.
980 3799 985 3806 ·

186 3919 216 3972 C.
237 3919 373 3984 Catonem]
391 3915 486 3978 Pollio,
509 3917 619 3970 Caesaris
637 3916 753 3989 partium
772 3917 917 3980 studiosus,
939 3916 972 3970 C.
992 3919 1128 3994 Catonem,
1150 3921 1197 3991 qui
1217 3920 1246 3974 in

222 4003 359 4056 tribunatu
372 4019 421 4052 suo
430 4018 454 4052 a.
467 4000 515 4052 691
526 4001 650 4072 Pompeio
660 4019 688 4052 se
700 3999 865 4065 vendiderat,
878 4003 1012 4056 accusarit
1018 4002 1119 4074 duplici
1128 4004 1241 4067 actione,

222 4085 280 4160 lege
291 4087 371 4139 Junia
383 4083 486 4137 Licinia
502 4096 530 4136 et
542 4085 617 4136 Fufia
631 4104 655 4138 a.
670 4087 731 4140 699.
745 4087 796 4140 Pro
812 4087 911 4140 Catone
932 4087 1056 4140 dixerunt
1077 4089 1109 4141 C.
1125 4089 1243 4144 Licinius
1267 4097 1268 4100 ’

224 4171 321 4223 Calvus
335 4181 362 4221 et
373 4169 411 4221 M.
425 4167 552 4220 Scaurus.
570 4167 648 4218 eonf.
663 4168 719 4220 Cic.
735 4168 820 4239 Epist.
837 4168 870 4221 ad
888 4169 971 4223 Attio.
985 4190 1020 4233 iv,
1040 4173 1080 4232 15,
1098 4173 1139 4234 16,
1162 4175 1204 4226 17.
1214 4199 1248 4218 -ι

1100 4277 1133 4343 [pf
