2904 4838
606 359 668 429 157

127 491 213 554 idem
229 491 268 564 X,
283 497 312 567 9,
330 513 361 575 p.
375 492 447 556 513:
467 492 544 557 Catu
562 496 595 556 in
606 495 791 558 Thermum:
809 497 952 554 Mortuus
968 509 1028 566 est,
1044 499 1183 574 sepelitur
1212 465 1256 537 53

85 603 140 648 est.

120 729 256 796 Mortuus]
272 730 363 782 Livius
380 730 453 802 Epis.
471 731 518 782 Lll
536 751 542 782 :
562 731 720 783 Plolcmoeus
736 729 762 781 ln
778 737 860 800 eaput
877 729 993 802 graviter
1023 725 1185 792 uulneratusj

153 814 221 868 inter
239 817 408 882 curationem,
427 818 488 869 dum
507 837 565 870 ossa
583 815 677 870 medr'ci
694 819 821 870 terebrare
839 816 1008 878 contendunt,
1030 815 1185 886 exspiravit,

153 904 234 966 alque
251 897 277 950 in
296 901 376 951 locum
393 900 451 972 ejus
462 900 552 968 frater
570 897 650 952 mim
665 900 835 958 Ptolomeus,
855 896 904 967 qui
920 897 1029 968 Cyreuu‘s
1047 900 1171 972 regnabat

154 982 286 1034 suecessit.
1145 1007 1147 1012 ¹

126 1106 215 1166 Adde
224 1107 325 1168 locum
334 1104 469 1168 Charisii
480 1105 564 1166 15155
574 1125 607 1185 p.
620 1103 673 1164 89.

440 1279 491 1344 12.
518 1300 630 1342 551515
647 1301 686 1341 ns
703 1301 830 1342 lusuru.

124 1445 260 1526 Quando
274 1445 355 1506 hauc
371 1445 542 1506 oraticnem
556 1445 701 1508 habuerit
711 1445 802 1518 cuo,
816 1465 880 1506 nun
895 1457 1017 1508 constat
1029 1467 1039 1507 t
1051 1466 1121 1508 eum
1135 1467 1188 1508 au·

81 1558 146 1607 tem
167 1563 249 1605 auno
268 1544 341 1618 591,
359 1547 521 1609 dummodo
536 1543 662 1624 Pighius
675 1566 783 1608 uerum
798 1545 913 1607 viderit
932 1549 971 1608 ad
991 1567 1109 1609 annum
1126 1549 1186 1612 594

82 1641 180 1724 (conl.
197 1643 316 1702 Duker.
334 1643 373 1702 ad
384 1643 505 1704 Liuium
522 1641 606 1723 Epis.
618 1641 747 1726 XLVII)
766 1644 818 1703 lex
838 1645 876 1702 de
898 1643 1016 1703 ambitu
1036 1645 1184 1722 ferretur,

84 1754 160 1802 tunc
176 1741 304 1803 sortasse
319 1738 494 1803 cretionem
509 1741 618 1801 hebuit
629 1739 718 1802 (luto.
734 1739 887 1802 Similiter
897 1752 1000 1801 autem
1012 1761 1111 1802 annus
1123 1744 1188 1804 579

86 1837 189 1917 accipi
203 1848 315 1918 potest,
333 1855 394 1917 quc
404 1837 512 1898 itidem
526 1837 609 1916 leges
624 1837 662 1896 de
677 1836 795 1897 ambitu
808 1837 880 1897 latre
892 1847 974 1896 sunt.
987 1837 1123 1897 Ellendt.
1137 1857 1187 1898 au·

86 1947 148 1996 tem
171 1935 204 1996 iu
227 1937 366 2020 Historia
392 1937 480 2017 Eloq.
501 1934 676 1999 cretionem
696 1937 735 1996 dc
754 1935 871 1998 ambitu
895 1939 928 1996 iu
949 1935 1100 2018 petitione
1118 1957 1192 1999 eeu·

87 2054 167 2098 surae
180 2037 320 2098 habitam
335 2045 376 2115 (a.
391 2036 465 2117 569)
476 2051 575 2120 putat.
591 2035 735 2100 Profecto
748 2033 827 2097 nihil
845 2039 884 2098 de
900 2050 1040 2119 tempure
1051 2050 1190 2102 statuere

87 2153 254 2216 possumus,
268 2154 338 2197 cum
349 2135 485 2215 quotidie
496 2155 591 2217 prope
603 2155 640 2198 ea
652 2136 692 2196 de
702 2155 738 2196 re
749 2132 862 2196 referri
873 2147 984 2216 posset.
1147 2187 1150 2194 .

130 2232 331 2312 Prisciau.V,
348 2236 399 2312 le,
411 2255 442 2318 p.
457 2235 540 2299 208:
556 2235 687 2300 (lutcde
702 2233 842 2298 ambitu:
857 2237 999 2296 Sedsuru
1012 2241 1128 2316 purtim
1138 2241 1194 2321 qui

89 2337 221 2396 duarum
232 2355 335 2396 rerum
347 2337 474 2398 alterius
485 2341 582 2397 utrius
594 2357 687 2397 causa
699 2341 915 2416 magistratum
923 2343 1037 2416 petunt.
1053 2367 1058 2378 ·

130 2432 211 2496 uu.
222 2435 279 2506 vr,
293 2435 323 2510 7,
338 2455 371 2516 p.
386 2434 460 2506 243,
472 2435 579 2495 eadem
590 2433 687 2495 verua
698 2433 854 2512 leguntur.
870 2413 974 2518 [coni.
986 2454 1018 2516 p.
1031 2430 1104 2524 5.]

319 2614 372 2678 13.
396 2633 504 2677 555515
522 2631 630 2676 55555
646 2631 806 2698 5555155.
823 2629 961 2674 euscius.

134 2778 375 2862 Intelligendum
385 2802 451 2846 esse
462 2781 499 2844 C.
508 2780 647 2844 Cassium
660 2780 845 2859 Longinum,
857 2773 909 2858 qui
919 2797 948 2838 5.
958 2777 999 2842 U.
1011 2775 1071 2838 599
1081 2793 1192 2836 censor

93 2881 163 2954 luit,
180 2866 329 2965 arbitror.
352 2884 455 2946 Livius
469 2881 553 2944 euim
568 2878 656 2956 dicit,
670 2875 818 2954 XXXIX',
830 2877 886 2954 40,
901 2876 1050 2936 Catonem
1067 2889 1192 2954 sextum

93 2998 125 3042 et
137 2989 363 3063 octogesimum
381 3006 497 3043 annum
516 2988 663 3064 agentem
674 3003 802 3040 causam
815 2981 949 3067 dixisse
970 2981 1071 3058 ipsum
1083 2997 1143 3056 pro
1159 2995 1193 3036 se

94 3087 227 3166 oravisse
246 3086 475 3167 scripsisseque.
499 3081 576 3146 Cum
594 3079 690 3162 igitur
705 3080 809 3142 Liuius
826 3101 897 3142 eum
910 3097 991 3140 5555
1003 3080 1044 3146 U.
1060 3075 1119 3140 511
1140 3097 1192 3138 ua·

94 3190 172 3252 tum,
184 3200 266 3241 5555
278 3177 339 3241 604
351 3191 505 3242 mortuum
516 3199 581 3240 esse
596 3175 691 3264 dicat,
705 3178 845 3260 quintum
863 3189 895 3238 et
912 3173 1129 3253 octogesimum
1140 3193 1192 3235 uu·

95 3299 168 3364 uum
191 3299 273 3342 annu
288 3281 348 3343 599
364 3280 429 3362 jam
450 3268 633 3360 impleverat
657 3279 747 3351 Cato,
770 3279 852 3340 uude
874 3271 1058 3354 colligimus,
1081 3269 1196 3335 dixisse

95 3398 219 3441 5555515
229 3398 325 3453 suum,
338 3398 356 3438 5
367 3376 404 3440 C.
417 3371 523 3438 Cassio
533 3388 719 3450 accusatum,
734 3375 786 3456 qui
797 3375 904 3436 eudem
918 3394 948 3434 5.
960 3375 1020 3435 599
1033 3389 1195 3432 censuram

95 3471 203 3554 gessit.
220 3475 377 3537 Annorum
391 3485 493 3544 eutem
507 3472 600 3550 ratio,
612 3493 703 3553 quam
714 3472 820 3533 Livius
836 3472 873 3531 de
884 3471 949 3531 uita
958 3465 1086 3532 Catonis
1097 3465 1195 3545 sequi·

97 3585 160 3648 tur,
174 3582 210 3633 ut
224 3588 317 3650 supra
330 3569 645 3654 5155515555,5555115Ι
659 3569 869 3654 quinquennio¹
883 3567 924 3638 ab
939 3563 1195 3629 rutiuneCieerc·

99 3675 167 3736 uis:
185 3670 277 3733 ambo
299 3673 420 3752 quidem
435 3687 577 3735 auctores
592 3672 731 3734 eumdem
753 3690 879 3746 anuum,
904 3688 962 3750 quo
983 3667 1193 3736 5115555555,

98 3768 352 3846 saturnu-idest
361 3772 557 3834 consulatum.
566 3770 603 3831 L.
615 3766 725 3830 Murcii
740 3781 771 3830 et
785 3763 884 3828 115511
893 3761 1017 3827 Manilii
1026 3765 1119 3846 (quod
1128 3773 1196 3826 ccr-

99 3885 223 3956 ruptum
243 3871 324 3956 apud
341 3870 451 3934 Vellei.
463 3873 500 3944 .·1,
520 3871 571 3946 13,
594 3870 718 3950 legitur)
737 3888 767 3930 5.
779 3866 861 3928 5015
878 3872 986 3928 nulum
1005 3867 1108 3928 aulem
1126 3882 1196 3925 cum
1222 3851 1266 3921 54

100 3992 165 4036 csse
179 3994 209 4036 5.
222 3968 512 4055 5151155555,
528 3969 699 4052 quia‘diunr
708 3967 822 4032 obiisse
837 3965 1197 4048 nonagesimumunum

100 4084 245 4152 agentem
257 4071 345 4134 uicit.
362 4069 472 4135 Cieeuu
485 4064 937 4153 umqum-cucusam
948 4087 1031 4132 5555
1043 4077 1199 4129 morsuum

101 4169 254 4233 (15555555
263 4163 988 4250 55555555555551555,55555155555555519.
1090 4173 1091 4176 ’
