2934 4846
768 361 813 432 46

248 492 318 569 ctis,
332 493 397 576 jam
408 499 447 558 ad
461 516 593 562 summos
607 514 679 563 aute
692 502 734 564 Μ.
751 497 884 564 Tullium
898 513 1049 578 oratores,
1066 503 1208 562 Crassum
1227 512 1259 561 et
1273 501 1337 558 Ars·

248 599 374 668 tontum,
394 593 599 678 pervenimus.
611 599 722 664 Gentis
735 599 877 666 Antoniae
887 600 962 664 satis
974 597 1336 676 sunsvetusmorigiuest

184 749 191 760 ,
249 704 280 752 at
294 694 498 769 consulatum,
517 714 677 786 censuram
693 709 724 757 et
749 698 934 778 triumphum
956 697 1073 779 primus
1091 709 1198 760 orator
1218 695 1335 759 intulit.

249 794 362 856 Mansit
379 813 464 874 gens,
489 807 523 858 ut
539 793 662 858 Lutatia
680 809 712 858 et
725 798 796 870 alia,
811 795 1028 861 libertinorum
1041 814 1075 860 et
1088 794 1269 878 ignobilium
1285 798 1338 871 ho·

249 895 365 956 minum
380 895 466 976 quasi
478 893 589 958 rivulis
602 899 732 963 deducta
746 901 785 960 ad
802 900 940 981 quintum
956 919 1051 980 usque
1072 913 1140 981 post
1149 899 1225 962 Chr·
1246 918 1277 959 n.
1294 915 1339 957 se·

158 965 166 996 ¹
248 992 361 1054 culum.
383 993 463 1058 Nam
482 1009 703 1066 commemorat
715 996 805 1078 hujus
830 994 963 1060 nominis
982 995 1084 1060 uirum
1098 996 1159 1058 sibi
1181 994 1338 1073 cognitum

248 1093 451 1174 Symmachus
465 1097 543 1180 Epp.
558 1100 598 1170 ll,
613 1098 643 1158 4.

289 1193 337 1254 M.
358 1194 508 1255 Antonius
527 1195 565 1256 C.
582 1198 622 1258 F.
643 1197 678 1254 C.
690 1199 726 1258 N.
742 1208 832 1259 natus
846 1209 892 1260 est
907 1201 967 1277 Ap.
983 1195 1111 1258 Claudio
1130 1192 1275 1266 Pulchro,
1295 1194 1338 1274 Q.

248 1287 371 1354 Metello
386 1294 583 1356 Macedonico
601 1293 685 1356 Coss.
709 1313 739 1354 a.
758 1296 829 1368 610,
842 1295 989 1370 triennio,
1007 1298 1087 1375 quod
1100 1294 1133 1356 in
1147 1296 1245 1357 Bruto
1256 1313 1284 1353 c.
1298 1291 1340 1352 ta

248 1390 359 1456 Cicero
382 1404 521 1465 testatur,
534 1391 645 1454 Crasso
659 1392 771 1474 major,
789 1393 841 1475 qui
860 1397 901 1478 Q.
922 1391 1065 1468 Servilio,
1083 1395 1118 1454 C.
1140 1395 1234 1456 Laelio
1254 1391 1339 1454 Coss.

249 1500 412 1551 natusest.
429 1489 549 1550 Mature
559 1490 593 1550 in
607 1488 707 1552 forum
718 1490 839 1554 venisse
854 1506 886 1554 et
900 1489 963 1553 rim
977 1488 1095 1570 ingenii
1108 1510 1127 1550 a
1144 1503 1256 1550 natura
1271 1488 1343 1550 insi·

248 1597 311 1646 tam
328 1581 522 1665 optimorum,
543 1588 596 1667 qui
616 1599 691 1650 tunc
715 1604 816 1664 erant,
839 1603 994 1652 oratorum
1013 1584 1173 1650 auditione
1197 1587 1344 1648 corrobo-

248 1703 331 1746 rasse
345 1705 384 1748 ex
399 1707 440 1752 eo·
448 1687 631 1766 colligimus,
649 1692 728 1770 quod
749 1691 815 1774 ipso
826 1714 875 1775 ap.
892 1693 961 1756 Cic.
979 1693 1119 1753 Deerat.
1141 1691 1185 1762 ll,
1203 1689 1255 1761 25,
1277 1707 1345 1749 ase

248 1781 283 1844 C.
306 1782 482 1850 Carbonem
499 1786 635 1852 auditum
649 1774 737 1862 dicit,
754 1810 811 1872 pro
825 1791 862 1852 L.
879 1786 1003 1873 Opimio
1016 1789 1182 1850 dicentem.
1199 1787 1277 1849 lnde
1295 1788 1345 1847 in-

186 1919 193 1936 ·
247 1891 297 1942 ter
317 1880 488 1954 Antonium
512 1899 545 1947 et
563 1887 719 1961 Crassum,
740 1888 793 1968 qui
812 1905 894 1950 anno
915 1899 983 1968 post
1003 1887 1144 1946 eumdem
1167 1881 1343 1946 Carbonem

249 1977 411 2060 oppressit,
422 1997 572 2064 perpetua
581 1982 705 2047 ridetur
716 1983 908 2047 familiaritas
917 1997 948 2047 et
955 1980 1110 2046 aemulatio
1121 1980 1342 2044 intercessisse.

250 2079 364 2144 Causas
378 2097 482 2146 autem
494 2098 560 2150 tam
571 2099 692 2150 mature
706 2109 798 2168 quam
816 2108 835 2148 a
850 2088 973 2162 Crasso,
988 2085 1029 2148 ab
1048 2085 1184 2148 Antonio
1198 2096 1282 2146 actas
1292 2102 1343 2144 ne·

251 2180 373 2242 scimus.
386 2183 465 2244 Nam
475 2186 556 2264 quod
566 2183 634 2247 Cio.
646 2185 738 2250 Ollio.
756 2188 798 2260 ll,
820 2186 869 2260 14,
890 2182 978 2257 dicit,
990 2203 1060 2245 eum
1076 2183 1247 2244 accusando
1258 2178 1344 2242 nobi-

251 2274 385 2352 litatum,
407 2282 466 2344 hoo
491 2282 550 2345 Cn.
576 2280 729 2346 Carbonis
747 2303 871 2346 causam
894 2292 1029 2363 spectat,
1058 2300 1149 2360 quem
1171 2276 1347 2341 voluntaria

251 2388 350 2438 morte
363 2375 515 2457 judicium
534 2380 719 2461 prevenisse
734 2381 800 2444 Cic.
817 2383 896 2463 Epp.
922 2378 959 2440 ad
980 2378 1055 2440 lam.
1080 2378 1138 2454 lX,
1159 2377 1211 2452 21,
1232 2375 1347 2456 signiti-

252 2493 324 2536 care
343 2472 479 2549 videtur,
497 2490 517 2542 st
530 2489 615 2549 ἀληθὴς
636 2493 739 2562 sputos.
759 2479 837 2540 Nam
852 2476 919 2560 ipsa
935 2476 1034 2540 verba
1056 2495 1119 2538 non
1137 2474 1213 2536 satis
1225 2485 1342 2556 patent.

251 2575 349 2657 Quem
364 2574 458 2640 etiem
473 2579 642 2661 Appuleius
656 2580 786 2662 Apolog.
802 2600 834 2662 p.
849 2581 885 2641 'll
901 2579 950 2640 ed.
967 2579 1037 2661 Bip.
1053 2572 1181 2640 honoris
1194 2594 1286 2637 causa
1296 2593 1346 2635 ac·

195 2751 197 2758 y
251 2693 390 2742 cusatum
405 2680 527 2756 scribit,
548 2695 581 2746 ut
598 2679 748 2748 Albucius
762 2703 781 2744 a
795 2683 832 2744 C.
850 2682 995 2764 (legeQ.)
1012 2680 1124 2754 Mucio,
1137 2678 1195 2739 Cu.
1209 2674 1348 2760 (legeC.)

251 2779 414 2842 Norbanus
429 2801 447 2842 a
466 2785 501 2844 P.
515 2783 663 2865 Sulpicio,
680 2783 734 2844 Μ.’
747 2781 897 2861 Aquillius
911 2801 931 2843 a
944 2781 980 2844 C.
996 2779 1090 2852 Fufio,
1112 2778 1153 2856 Q.
1172 2773 1316 2836 Metellus
1330 2795 1349 2838 a

251 2874 289 2936 C.
301 2875 437 2942 Curione
454 2882 623 2960 postulatus
641 2877 692 2942 sit.
715 2882 791 2942 lude
809 2882 869 2940 Cn.
885 2878 1061 2942 Carbonem
1075 2872 1247 2956 majestatis.
1257 2871 1349 2936 luisse

252 2989 431 3039 accusatum
445 2991 580 3058 oportet.
598 2980 664 3041 Hoc
679 2979 713 3038 in
728 2996 822 3038 unum
833 2977 920 3040 illum
932 2976 1026 3051 cadit,
1042 2976 1095 3056 qui
1111 2973 1181 3036 Cos.
1200 2993 1230 3036 a.
1252 2973 1313 3036 640
1331 2995 1349 3036 a

252 3070 387 3136 Cimbris
401 3074 541 3138 exercitu
556 3088 666 3138 exutus
679 3084 737 3136 est.
762 3077 841 3138 Acta
859 3073 956 3154 igitur
976 3091 1069 3136 causa
1088 3092 1153 3135 non
1166 3083 1240 3134 ente
1253 3073 1350 3138 aetatis

252 3191 368 3234 annum
382 3171 572 3236 tricesimum
586 3171 626 3234 ab
638 3171 785 3236 Antonio.
801 3172 877 3234 lude
892 3181 1200 3250 consentancumest,
1212 3171 1350 3251 priorem

252 3272 354 3350 luisse,
368 3295 460 3356 quam
473 3295 531 3357 pro
544 3295 578 3336 se
589 3276 627 3338 de
639 3275 761 3336 incesto.
770 3271 858 3350 dixit,
876 3294 1008 3349 causam,
1026 3276 1065 3337 de
1078 3293 1138 3353 qua
1146 3271 1251 3335 Valer.
1264 3273 1348 3334 Max.

252 3376 311 3447 111,
324 3376 355 3448 l,
369 3379 400 3440 9.
417 3377 465 3437 De
476 3375 640 3438 tribunatu
653 3389 685 3444 ‚et
696 3375 843 3440 aedilitate
857 3372 983 3440 Antonii
994 3393 1057 3436 non
1069 3382 1205 3449 comtum
1222 3370 1349 3436 tacitum

252 3491 338 3549 sane,
355 3471 449 3538 etiam
463 3473 497 3536 in
510 3474 570 3536 hac
588 3495 623 3538 re
635 3473 747 3542 Crasso
762 3472 881 3548 similis,
897 3473 984 3534 illum
1002 3469 1216 3548 magistratum
1229 3467 1349 3533 habuit.

252 3567 1350 3653 ExpraeturaanuodltlgestaCilioiamvideturprorinciamhabuisse,
1401 3647 1405 3654 .

254 3671 474 3752 predonesque
501 3670 583 3736 bello
607 3667 765 3734 maritimo
789 3681 970 3752 persecutus
994 3686 1072 3730 esse.
1101 3667 1141 3728 V.
1168 3663 1238 3729 Liv.
1266 3666 1349 3748 Epit.

253 3771 394 3849 LXVlll,
412 3767 480 3835 Cic.
497 3773 641 3837 Deerat.
657 3774 682 3848 l,
698 3772 754 3844 183
771 3770 811 3844 ll,
827 3771 857 3848 1,
879 3781 911 3832 et
931 3768 1074 3847 Pighium
1087 3779 1232 3830 accurate
1251 3766 1351 3847 dispu-

254 3883 373 3935 tantem
386 3893 419 3956 p.
435 3873 506 3937 157.
532 3874 577 3936 Ex
597 3875 657 3936 buo
676 3872 839 3954 provincia
859 3865 1072 3952 triumpharit.
1099 3867 1213 3932 Consul
1226 3885 1296 3928 oum
1309 3869 1348 3930 A.

255 3969 410 4036 Postumio
423 3985 547 4036 creatus
562 3993 592 4034 a.
605 3971 678 4044 654,
695 3973 729 4033 in
743 3968 852 4052 primis
865 3969 938 4033 Sex.
951 3968 1067 4031 Titium
1080 3966 1157 4029 trib.
1173 3966 1218 4046 pl.
1228 3963 1362 4030 seditio-⁹

255 4095 321 4136 sum
334 4070 545 4139 adversarium
559 4073 683 4145 habuit,
700 4070 861 4135 Saturnini
875 4070 1012 4133 rationes
1026 4077 1228 4150 repetentem.
1252 4066 1350 4148 Quem

256 4178 406 4255 quomodo
416 4174 556 4255 fregerit,
571 4187 604 4238 et
618 4186 824 4257 opportunam
839 4184 948 4237 nactus
958 4165 1153 4234 occasionem
1164 4167 1269 4232 omnia
1280 4185 1349 4229 con·
1420 4259 1423 4266 ἱ
