2954 4840
626 351 695 423 345

108 495 195 558 dicas
207 495 400 565 inimicitias,
417 503 450 552 nt
469 492 585 572 judicio
601 490 699 572 jurati
718 499 843 551 senatus
858 490 982 551 Cretam
997 505 1202 565 amoveretur,

110 590 268 664 elicuerat,
294 606 386 672 utque
407 590 472 653 iIIic
493 590 598 652 eadem
618 585 778 651 actitando
796 587 933 649 recentia
953 599 1119 670 veteraque
1138 592 1208 652 odia

113 693 261 768 advertit,
275 691 425 772 bonisque
439 702 548 754 exutus
562 689 730 752 interdicto
744 685 809 768 igni
824 701 916 769 atque
936 708 1015 770 aque
1034 709 1108 752 saxo
1125 688 1209 754 Seri·

21 817 26 828 ·
110 792 185 874 phio
196 789 369 851 consenuit.

154 891 303 953 Eusebius
315 886 499 952 chronicis:
513 887 636 952 Cassius
644 888 777 952 Seuerus
787 897 893 950 orator
904 889 1045 967 egregius
1054 887 1140 950 XXV
1147 888 1211 950 exi-

111 989 148 1050 Iii
158 987 205 1048 sul
216 1005 298 1048 auno
312 1004 430 1046 summa
443 985 548 1067 inopia
559 985 703 1058 moritur,
713 979 766 1045 vis
776 1001 881 1065 pauno
889 985 1026 1047 verenda
1037 996 1210 1059 contectus,

102 1109 197 1154 vanno
208 1083 334 1150 Domini
348 1087 388 1150 34
400 1083 435 1169 (i.
448 1107 477 1148 e.
491 1107 574 1148 auno
585 1085 681 1153 Urbis
692 1084 777 1169 teo).

158 1188 258 1251 Tacit.
277 1190 358 1250 Anu.
380 1190 407 1258 1,
425 1189 484 1250 72:
501 1185 625 1250 Primus
639 1190 792 1266 Augustus
806 1185 1014 1264 cognitionem
1035 1189 1073 1249 de
1089 1188 1215 1250 lamosis

115 1284 229 1347 libellis
259 1284 360 1366 specie
389 1280 467 1361 Iegis
494 1282 559 1364 ejus
589 1284 757 1356 tractavit,
785 1293 955 1346 commotus
979 1281 1079 1345 Cassii
1105 1284 1215 1345 Severi

115 1379 265 1457 libidine,
285 1381 337 1462 qui
354 1381 437 1443 viros
453 1381 647 1463 feminasque
665 1381 799 1444 illustres
816 1380 1001 1462 procacibus
1018 1378 1143 1463 scriptis
1160 1380 1217 1443 dil-

116 1482 298 1544 lamaverat.

161 1583 247 1646 Suet.
262 1581 361 1661 Calig.
375 1601 404 1643 c.
421 1581 478 1643 16:
501 1579 540 1641 T.
557 1583 696 1655 Labieni,
712 1583 803 1642 Cordi
816 1582 977 1654 Cremun'i,
995 1582 1097 1643 Cassii
1113 1583 1219 1644 Severi

119 1683 238 1764 scripta
249 1694 373 1743 senatus
388 1679 535 1741 consultis
550 1680 664 1741 abolita
679 1682 796 1761 requiri
811 1696 842 1743 et
855 1700 920 1742 esse
934 1678 968 1740 in
982 1679 1126 1743 manibus
1134 1683 1220 1748 letti-

123 1783 247 1862 tariqne
261 1779 412 1860 permisit.

167 1875 314 1943 Horatius
334 1878 368 1941 iu
388 1878 542 1958 Epodvl
557 1877 707 1942 describit
728 1879 844 1942 acriter
864 1879 966 1939 Cassii
987 1899 1099 1943 mores.
1116 1876 1220 1970 [Coul.

123 1979 269 2044 Sobottus
281 1979 329 2040 De
344 1977 438 2039 claris
453 1977 533 2056 apud
546 1975 695 2038 Senecam
710 1979 805 2040 rItett.
819 1998 851 2059 p.
863 1975 902 2039 10
912 1997 979 2058 sqq.
996 1972 1185 2066 Westerm.]

545 2215 801 2230 w

171 2383 326 2449 Priscian.
338 2387 427 2460 VIII,
440 2385 473 2458 4,
487 2407 520 2468 p.
533 2386 594 2448 368
606 2405 614 2444 2
628 2384 767 2448 Cassius:
781 2385 963 2468 Aduladque
973 2399 1059 2443 erant
1069 2385 1110 2443 ab
1121 2391 1229 2450 amicis

126 2501 158 2546 G!
171 2481 342 2544 adhortati:
357 2483 485 2554 adulalI,
501 2493 689 2556 κολακεῠθίντις,
703 2479 869 2552 adhortati,
885 2495 1069 2564 προτραπέντας,

172 2577 306 2664 Quintil.
327 2577 374 2653 X,
402 2580 439 2651 1,
463 2577 527 2640 22:
555 2577 635 2639 Illud
658 2574 874 2651 utilissImnm,
902 2577 1021 2657 quoties
1046 2580 1227 2661 continget,

129 2679 284 2756 utrimque
308 2674 429 2736 babitus
452 2675 555 2754 legere
580 2669 738 2745 actiones,
762 2686 797 2735 ut
817 2671 973 2733 Pollionis
996 2686 1029 2734 et
1049 2675 1152 2736 Cassii
1177 2697 1231 2739 reo

132 2777 316 2856 Asprenate.

176 2893 258 2955 Plin.
272 2893 317 2952 tt,
326 2892 364 2953 N.
378 2891 506 2967 XXXV,
523 2892 582 2953 12:
598 2893 766 2974 Asprenati
782 2911 837 2955 reo
849 2890 972 2955 Cassius
991 2889 1125 2956 severus
1143 2915 1234 2958 accu-

131 3002 216 3054 sator
232 2988 410 3070 objiciebat,
440 2987 584 3052 interisse
607 3009 729 3055 veneno
742 2988 874 3070 triginta
884 3005 919 3080 et
931 3004 1058 3058 centum
1072 2995 1233 3060 convivae.

138 3133 142 3140 Ι
172 3151 327 3224 Asprenati]
344 3151 415 3204 conf.
426 3150 555 3204 Pollionis
568 3151 712 3206 orationem
725 3171 774 3224 pro
784 3158 941 3226 Asprenate,
954 3115 1048 3226 psalt
1058 3119 1109 3229 sq.,
1120 3172 1147 3213 et
1160 3161 1234 3213 Suet.

206 3238 300 3291 Octau.
310 3257 333 3291 c.
344 3237 388 3291 56.

180 3391 313 3474 Quintil.
326 3393 383 3468 XI,
400 3392 428 3463 l,
444 3393 501 3455 57:
519 3393 654 3472 Ideoque
668 3393 744 3454 mibi
757 3393 833 3458 illud
847 3392 948 3458 Cassii
960 3397 1071 3461 Severi
1091 3419 1156 3463 non
1175 3419 1237 3462 me·

136 3487 289 3550 diocriter
310 3488 479 3573 displicet:
505 3491 558 3549 Dii
579 3489 670 3564 boni,
694 3494 780 3564 vivo,
804 3506 835 3550 et
858 3514 918 3576 quo
942 3515 993 3554 me
1014 3499 1115 3554 virere
1131 3492 1237 3578 juvet,

141 3585 348 3666 Asprenatem
374 3609 460 3648 reum
487 3584 603 3646 arndeo!
631 3587 702 3648 Non
725 3588 810 3648 enim
829 3588 913 3670 justa
935 3610 973 3652 ex
996 3610 1088 3653 causa
1112 3593 1162 3656 vel
1187 3615 1240 3657 ne·
1266 3589 1336 3668 228

141 3680 277 3746 cessaria
295 3682 396 3746 uideri
421 3697 522 3766 potest
547 3683 719 3765 postulasse
739 3704 829 3759 eum,
852 3686 906 3748 sed
926 3686 1055 3765 quadam
1077 3689 1243 3754 accusandi

142 3783 313 3864 voluptate.
1040 3831 1044 3838 -

187 3879 234 3939 Id.
247 3881 301 3956 Vl,
324 3879 354 3955 3,
369 3879 426 3940 tn:
443 3875 616 3940 Transtulit
634 3879 755 3942 crimen
769 3881 891 3944 Cassius
907 3882 1050 3946 Severus.
1076 3886 1155 3948 Nam
1174 3907 1243 3950 eum

143 3978 366 4064 objurgaretur
381 4000 400 4041 a
416 3991 567 4062 praetore,
590 3980 671 4060 quod
692 3982 834 4043 aduocati
850 3983 915 4064 ejus
929 3984 966 4044 L.
979 3985 1063 4046 Varo
1076 3981 1241 4062 Epicureo,

145 4077 276 4139 Caesaris
284 4075 585 4170 amieo,oopuicium
594 4077 759 4141 lenimenta
770 4077 891 4153 Nescio,
903 4076 1018 4161 inquit,
1033 4084 1084 4163 qui
1093 4087 1249 4144 conviciati
1275 4139 1276 4142 ,

148 4178 221 4248 siut,
234 4189 265 4234 et
269 4191 343 4254 puto
354 4173 476 4236 Stoicos
477 4174 595 4251 fussee,

1035 4300 1069 4351 ll
