2904 4840
626 368 688 435 117

108 501 314 566 ficiscuntur:
334 502 438 566 diflert
451 504 535 566 enim
554 522 680 586 prorsus
698 522 795 583 genus
809 502 871 564 stili
886 515 919 564 et
932 504 1076 564 tractatio
1086 477 1203 567 rerum.

107 601 271 666 Inferioris
286 604 380 666 etiam
392 605 489 666 astatis
497 617 544 667 est
557 605 705 666 Messala?
724 605 848 666 Corvini
858 604 910 666 De
918 607 1067 685 progenie
1078 605 1208 682 Augusti

1 715 2 718 ’
107 715 144 764 et
154 704 277 763 Aurelii
286 705 418 768 Victoris
429 707 478 765 De
499 710 620 786 origine
635 711 734 786 gentis
746 707 908 765 Romanus.
929 705 970 765 Hi
989 703 1124 784 quinque
1135 704 1208 766 libri

105 800 145 860 in
166 800 308 879 exiguum
335 821 445 886 gyrum
467 803 578 864 scholae
601 802 815 884 compellendi,
845 814 877 862 et
900 801 1060 862 elementis
1088 813 1209 862 tautum

105 896 229 962 Latinae
241 901 352 980 tinguae
359 901 512 964 ducendis
521 902 687 977 sufficiant,
709 923 778 964 cum
793 900 861 963 veri
878 899 980 964 simile
993 899 1051 978 sit,
1067 912 1211 964 auctores

105 1015 217 1060 eornm
235 996 313 1061 nihil
324 1001 405 1061 aliud
420 999 479 1061 nisi
490 1000 622 1081 primam
637 999 858 1060 institutionem
872 999 1022 1078 puerilem
1041 1011 1207 1079 spectasse.

106 1095 268 1158 Acmiror
282 1117 368 1171 sane,
385 1115 568 1176 quemquam
579 1095 631 1176 qui
645 1090 806 1154 Plutarchi
822 1091 909 1154 Vitas
923 1105 955 1154 et
968 1093 1069 1156 Taciti
1083 1097 1209 1174 Agrico·

104 1195 173 1254 lam
193 1196 316 1274 legerit,
339 1195 413 1255 istas
437 1190 543 1270 Vitas,
568 1194 693 1256 umbras
709 1193 818 1254 inanes
833 1193 900 1255 sine
915 1206 1018 1256 mente
1036 1207 1068 1254 11
1091 1196 1205 1268 nervis,

105 1291 260 1355 Cornelio
275 1291 388 1374 Nepoti
400 1291 547 1353 historico
557 1290 760 1354 celeberrimo
772 1290 911 1354 tribucre
925 1287 1071 1373 potuisse.

498 1479 823 1512 ...ὡ-

506 1623 813 1698 TESTIMONIA.

152 1803 219 1866 Cic.
236 1805 324 1865 Brut.
339 1821 367 1864 c.
383 1804 419 1865 11
435 1823 443 1864 1
460 1803 524 1865 Cur
538 1803 633 1880 igitur
642 1801 747 1881 Lysias
759 1810 791 1859 et
804 1797 978 1882 Hyperides
988 1809 1122 1873 amatur,
1140 1819 1209 1861 cum

109 1906 232 1986 penitus
246 1906 408 1985 ignoretur
429 1904 503 1964 Cato
515 1901 712 1984 lAntiquior
736 1911 783 1962 est
796 1900 885 1982 hujus
899 1921 1001 1962 sermo
1016 1913 1049 1962 et
1070 1901 1209 1981 quaedam

109 2006 286 2067 horridiora
297 2007 405 2068 verba.
421 2007 467 2066 lta
482 2005 565 2066 euim
577 2018 641 2066 tum
656 2001 872 2085 loquebantur.
889 2003 926 2062 ld
937 2015 1032 2079 muta,
1047 2003 1126 2081 quod
1140 2014 1206 2062 tum

110 2104 163 2165 illc
178 2124 241 2166 non
255 2104 364 2186 potuit,
381 2115 413 2166 et
425 2105 501 2166 adde
517 2121 671 2175 numeros,
688 2115 722 2162 ut
736 2102 837 2185 aptior
846 2103 887 2164 sit
900 2099 1016 2176 oratio;
1033 2099 1099 2180 ipsa
1112 2101 1212 2162 verba

111 2221 262 2282 compone
285 2214 316 2263 et
331 2200 418 2282 quasi
433 2191 635 2280 coagmenta,
660 2202 742 2281 quod
760 2222 799 2263 ne
820 2200 925 2266 Graeci
949 2198 1069 2279 quidem
1088 2209 1211 2260 veteres

110 2298 351 2362 iactitarerunt:
366 2298 432 2380 jam
447 2299 601 2361 nemiuem
617 2312 787 2380 antepones
797 2298 921 2362 Catoni.

155 2383 238 2444 Dial.
259 2385 298 2446 de
317 2396 411 2446 oratt.
434 2405 462 2445 c.
485 2382 542 2444 18:
560 2383 667 2442 Catoni
685 2382 753 2444 seni
774 2395 970 2465 comparatus
989 2379 1026 2443 C.
1047 2382 1211 2445 Gracchus
1239 2370 1282 2440 15

110 2479 234 2562 plenior
248 2493 280 2544 et
293 2481 432 2552 uberior,
450 2477 495 2542 sic
510 2476 648 2540 Graccho
661 2480 786 2560 politior
801 2493 833 2542 et
846 2476 988 2541 ornatior
1003 2477 1143 2558 Crassus,
1163 2481 1209 2541 sic

110 2591 244 2658 utroque
254 2577 433 2641 distinctior
446 2591 477 2640 et
492 2573 642 2639 urbanior
656 2590 688 2639 et
701 2575 795 2639 altior
808 2577 929 2650 Cicero,
939 2572 1092 2637 Cicerone
1103 2575 1210 2639 mitior

72 2759 74 2762 Ι
114 2679 260 2739 Corvinus
269 2693 300 2741 et
311 2677 433 2742 dulcior
444 2691 476 2742 et
488 2680 522 2740 in
533 2677 638 2740 verbis
650 2677 747 2757 magis
758 2677 946 2740 elaboratus.
1147 2752 1153 2762 .

114 2809 117 2812 ·
155 2777 324 2860 Appuleius
338 2780 467 2860 Apolog.
479 2797 510 2858 p.
533 2778 611 2840 589:
636 2777 868 2858 Quamcumque
877 2772 1048 2837 orationem
1060 2771 1210 2834 struxerit
1264 2771 1267 2780 '

113 2875 241 2954 Avitus,
264 2880 310 2941 ita
330 2877 384 2941 illa
405 2877 466 2942 erit
488 2878 623 2958 undique
644 2875 691 2938 sui
713 2877 850 2960 perleote
869 2875 1024 2948 absoluta,
1048 2871 1136 2934 utin
1156 2871 1211 2936 illa

109 2999 212 3061 neque
229 2975 303 3040 Cato
316 2980 501 3058 gravitatem
515 2980 665 3060 requirat,
682 2998 782 3059 neque
795 2977 913 3039 Loettus
926 2975 1097 3046 lenitatem,
1112 2993 1211 3056 neque

114 3075 271 3136 Gracchus
283 3076 442 3158 impetum,
455 3097 515 3140 nec
527 3077 634 3136 Coesor
646 3076 784 3138 dolorem
798 3070 998 3158 (coloremiJ,
1015 3092 1074 3135 nec
1087 3073 1211 3132 Horten·

112 3182 175 3238 sius
189 3175 450 3253 distributionem,
471 3199 529 3241 nec
541 3178 648 3239 Calvus
667 3173 815 3257 argutiae,
833 3196 892 3239 nec
908 3171 1129 3256 parsimoniam
1145 3173 1211 3234 sat-

111 3277 227 3348 iustius,
238 3299 295 3340 nec
306 3273 495 3361 opulentiam
503 3279 628 3338 Cicero.

154 3373 253 3456 Epist.
274 3371 443 3438 Frontonis
465 3375 504 3435 ad
521 3377 638 3437 Verum
658 3392 690 3453 p.
714 3373 774 3436 tro
794 3373 982 3433 1111101111
1003 3372 1211 3434 Contionatur

115 3475 193 3534 Cato
206 3476 327 3554 infeste,
345 3474 502 3537 Gracchus
516 3474 704 3548 turbulente,
721 3471 839 3532 Tullius
852 3469 987 3553 copiose.
1003 3475 1074 3534 Jam
1086 3469 1119 3532 in
1130 3467 1211 3551 judi·

115 3570 173 3632 ciis
186 3569 273 3634 saevit
291 3571 371 3636 idem
389 3574 474 3649 Cato,
496 3572 666 3662 triumphat
683 3570 804 3645 Cicero,
822 3569 1027 3632 tumultuatur
1042 3567 1210 3640 Gracchus,

117 3669 226 3729 Calvus
243 3666 374 3732 rixatur.
464 3712 467 3720 ι
624 3687 626 3692 ·

156 3764 255 3846 Epist.
268 3765 432 3830 Frontonis
445 3768 484 3830 ad
497 3767 541 3828 Μ.
555 3766 709 3829 Caesarem
720 3785 751 3846 p.
765 3762 825 3826 82:
838 3761 1007 3828 Meministi
1020 3775 1053 3824 tu
1064 3761 1212 3844 plurimas

115 3863 275 3941 lectiones,
294 3861 404 3946 quihus
418 3887 513 3948 usque
525 3867 624 3928 adhuc
635 3877 777 3927 versatus
792 3883 836 3938 es,
854 3862 1021 3928 comoedias
1035 3865 1209 3934 attellanae,

115 3980 257 4029 oratores
270 3978 413 4028 veteres:
427 3987 556 4049 quorum
566 3979 619 4029 ant
628 3968 719 4049 pauci
729 3980 781 4028 aut
790 3978 904 4048 praeter
917 3967 1062 4026 0111111111
1072 3977 1104 4028 11
1115 3962 1212 4024 Grac·

114 4057 1212 4144 clamnemotubaminflat,omnesautemmugiuntvelstriduntpotius.

160 4158 293 4242 Quintil.
318 4165 387 4240 XII,
414 4164 463 4238 10,
490 4169 546 4226 lo:
572 4167 608 4226 ln
629 4163 771 4227 oratione
792 4162 818 4224 si
839 4161 958 4246 species
980 4159 1097 4222 intueri
1118 4152 1212 4232 velis,
